@article{seliya2007a,
  citation-number = {1},
  author = {Seliya, N. and Khoshgoftaar, T.M.},
  title = {Software quality analysis of unlabeled program modules with semisupervised clustering},
  volume = {37},
  date = {2007},
  pages = {201–211},
  language = {en},
  journal = {IEEE Trans. Syst., Man Cybernet., Part A: Syst. Hum}
}
@article{khoshgoftaar2003a,
  citation-number = {2},
  author = {Khoshgoftaar, T.M. and Seliya, N.},
  title = {Analogy-based practical classification rules for software quality estimation, Empirical Softw},
  volume = {8},
  date = {2003},
  pages = {325–350},
  language = {en},
  journal = {Eng}
}
@inproceedings{evett1998a,
  citation-number = {3},
  author = {Evett, M. and Khoshgoftar, T. and Chien, P.-D. and Allen, E.},
  title = {GP-based software quality prediction},
  date = {1998},
  pages = {60–65},
  language = {en},
  booktitle = {Proceedings of the Third Annual Conference Genetic Programming}
}
@article{koprinska2007a,
  citation-number = {4},
  author = {Koprinska, I. and Poon, J. and Clark, J. and Chan, J.},
  title = {Learning to classify e-mail},
  volume = {177},
  date = {2007},
  pages = {2167–2187},
  language = {et},
  journal = {Inform. Sci}
}
@article{thwin2005a,
  citation-number = {5},
  author = {Thwin, M.M.T. and Quah, T.-S.},
  title = {Application of neural networks for software quality prediction using object-oriented metrics},
  volume = {76},
  date = {2005},
  pages = {147–156},
  language = {en},
  journal = {J. Syst. Softw}
}
@article{menzies2007a,
  citation-number = {6},
  author = {Menzies, T. and Greenwald, J. and Frank, A.},
  title = {Data mining static code attributes to learn defect predictors},
  volume = {33},
  date = {2007},
  pages = {2–13},
  language = {en},
  journal = {IEEE Trans. Softw. Eng}
}
@article{emam2001a,
  citation-number = {7},
  author = {Emam, K.El and Benlarbi, S. and Goel, N. and Rai, S.N.},
  title = {Comparing case-based reasoning classifiers for predicting high risk software components},
  volume = {55},
  date = {2001},
  pages = {301–320},
  language = {en},
  journal = {J. Syst. Softw}
}
@inproceedings{yuan2000a,
  citation-number = {8},
  author = {Yuan, X. and Khoshgoftaar, T.M. and Allen, E.B. and Ganesan, K.},
  title = {An application of fuzzy clustering to software quality prediction},
  publisher = {IEEE},
  date = {2000},
  pages = {85–90},
  language = {en},
  booktitle = {Proceedings, 3rd IEEE Symposium on Application-Specific Systems and Software Engineering Technology, 2000}
}
@incollection{catal2007a,
  citation-number = {9},
  author = {Catal, C. and Diri, B.},
  title = {Software fault prediction with object-oriented metrics based artificial immune recognition system},
  publisher = {Springer},
  date = {2007},
  pages = {300–314},
  language = {en},
  booktitle = {Product-Focused Software Process Improvement}
}
@incollection{catal2008a,
  citation-number = {10},
  author = {Catal, C. and Diri, B.},
  title = {A fault prediction model with limited fault data to improve test process},
  publisher = {Springer},
  date = {2008},
  pages = {244–257},
  language = {en},
  booktitle = {Product-Focused Software Process Improvement}
}
@inproceedings{catal2007b,
  citation-number = {11},
  author = {Catal, C. and Diri, B.},
  title = {Software defect prediction using artificial immune recognition system},
  publisher = {ACTA Press},
  date = {2007},
  pages = {285–290},
  language = {en},
  booktitle = {Proceedings of the 25th Conference on IASTED International Multi- Conference: Software Engineering}
}
@inproceedings{haghighi2012a,
  citation-number = {12},
  author = {Haghighi, A.S. and Dezfuli, M.A. and Fakhrahmad, S.},
  title = {Applying mining schemes to software fault prediction: a proposed approach aimed at test cost reduction},
  date = {2012},
  pages = {4–6},
  language = {en},
  booktitle = {Proceedings of the World Congress on Engineering}
}
@article{li2012a,
  citation-number = {13},
  author = {Li, M. and Zhang, H. and Wu, R. and Zhou, Z.-H.},
  title = {Sample-based software defect prediction with active and semi-supervised learning},
  volume = {19},
  date = {2012},
  pages = {201– 230},
  language = {en},
  journal = {Autom. Softw. Eng}
}
@inproceedings{seliya2004a,
  citation-number = {14},
  author = {Seliya, N. and Khoshgoftaar, T.M. and Zhong, S.},
  title = {Semi-supervised learning for software quality estimation},
  publisher = {IEEE},
  date = {2004},
  pages = {183–190},
  language = {en},
  booktitle = {16th IEEE International Conference on Tools with Artificial Intelligence, 2004, ICTAI 2004}
}
@article{seliya2007b,
  citation-number = {15},
  author = {Seliya, N. and Khoshgoftaar, T.M.},
  title = {Software quality estimation with limited fault data: a semi-supervised learning perspective, Softw},
  volume = {15},
  date = {2007},
  pages = {327– 344},
  language = {en},
  journal = {Qual. J}
}
@inproceedings{lu2012a,
  citation-number = {16},
  author = {Lu, H. and Cukic, B. and Culp, M.},
  title = {Software defect prediction using semi-supervised learning with dimension reduction},
  publisher = {IEEE},
  date = {2012},
  pages = {314–317},
  language = {en},
  booktitle = {2012 Proceedings of the 27th IEEE/ACM International Conference on Automated Software Engineering (ASE}
}
@inproceedings{lu2011a,
  citation-number = {17},
  author = {Lu, H. and Cukic, B. and Culp, M.},
  title = {An iterative semi-supervised approach to software fault prediction},
  publisher = {ACM},
  date = {2011},
  pages = {15},
  language = {en},
  booktitle = {Proceedings of the 7th International Conference on Predictive Models in Software Engineering}
}
@inproceedings{abaei2013a,
  citation-number = {18},
  author = {Abaei, G. and Rezaei, Z. and Selamat, A.},
  title = {Fault prediction by utilizing self organizing map and threshold},
  publisher = {IEEE, Penang},
  date = {2013},
  pages = {471–476},
  language = {en},
  booktitle = {IEEE International Conference on Control Systems, Computing and Engineering (ICCSCE 2013},
  address = {Malaysia}
}
@inproceedings{catal2009a,
  citation-number = {19},
  author = {Catal, C. and Sevim, U. and Diri, B.},
  title = {Clustering and metrics thresholds based software fault prediction of unlabeled program modules},
  publisher = {IEEE},
  date = {2009},
  pages = {199–204 483},
  language = {en},
  booktitle = {Sixth International Conference on Information Technology: New Generations, 2009, ITNG’09}
}
@incollection{catal2010a,
  citation-number = {20},
  author = {Catal, C. and Sevim, U. and Diri, B.},
  title = {Metrics-driven software quality prediction without prior fault data},
  publisher = {Springer},
  date = {2010},
  pages = {189–199},
  language = {en},
  booktitle = {Electronic Engineering and Computing Technology}
}
@book{zhong2004a,
  citation-number = {21},
  author = {Zhong, S. and Khoshgoftaar, T.M. and Seliya, N.},
  title = {Unsupervised learning for expert-based software quality estimation},
  publisher = {HASE, Citeseer},
  date = {2004},
  pages = {149–155},
  language = {en},
  address = {in}
}
@article{zhong2004b,
  citation-number = {22},
  author = {Zhong, S. and Khoshgoftaar, T.M. and Seliya, N.},
  title = {Analyzing software measurement data with clustering techniques},
  volume = {19},
  date = {2004},
  pages = {20–27},
  language = {fr},
  journal = {Intell. Syst., IEEE}
}
@article{bishnu2012a,
  citation-number = {23},
  author = {Bishnu, P.S. and Bhattacherjee, V.},
  title = {Software fault prediction using quad tree-based k-means clustering algorithm},
  volume = {24},
  date = {2012},
  pages = {1146– 1150},
  language = {en},
  journal = {IEEE Trans. Knowl. Data Eng}
}
@incollection{tomsich2000a,
  citation-number = {24},
  author = {Tomsich, P. and Rauber, A. and D.},
  title = {Merkl, parSOM: using parallelism to overcome memory latency in self-organizing neural networks},
  publisher = {Springer},
  date = {2000},
  pages = {136–145},
  language = {en},
  booktitle = {High Performance Computing and Networking}
}
@article{abbas2008a,
  citation-number = {25},
  author = {Abbas, O.A.},
  title = {Comparisons between data clustering algorithms, Int},
  volume = {5},
  date = {2008},
  pages = {320–325},
  language = {en},
  journal = {Arab J. Inform. Technol}
}
@article{catal2009b,
  citation-number = {26},
  author = {Catal, C. and Diri, B.},
  title = {Investigating the effect of dataset size, metrics sets, and feature selection techniques on software fault prediction problem},
  volume = {179},
  date = {2009},
  pages = {1040–1058},
  language = {en},
  journal = {Inform. Sci}
}
@article{abaei2013b,
  citation-number = {27},
  author = {Abaei, G. and Selamat, A.},
  title = {A survey on software fault detection based on different prediction approaches},
  date = {2013},
  pages = {1–17},
  language = {en},
  journal = {Vietnam J. Comput. Sci}
}
@article{catal2011a,
  citation-number = {28},
  author = {Catal, C.},
  title = {Software fault prediction: a literature review and current trends},
  volume = {38},
  date = {2011},
  pages = {4626–4636},
  language = {en},
  journal = {Expert Syst. Appl}
}
@article{hall2012a,
  citation-number = {29},
  author = {Hall, T. and Beecham, S. and Bowes, D. and Gray, D. and Counsell, S.},
  title = {A systematic literature review on fault prediction performance in software engineering},
  volume = {38},
  date = {2012},
  pages = {1276–1304},
  language = {en},
  journal = {IEEE Trans. Softw. Eng}
}
@incollection{abaei2014a,
  citation-number = {30},
  author = {Abaei, G. and Selamat, A.},
  title = {Important issues in software fault prediction: a road map},
  editor = {I.G.I.-Global},
  date = {2014},
  language = {en},
  booktitle = {Handbook of Research on Emerging Advancements and Technologies in Software Engineering}
}
@article{catal2012a,
  citation-number = {31},
  author = {Catal, C.},
  title = {Performance evaluation metrics for software fault prediction studies},
  volume = {9},
  date = {2012},
  pages = {193–206},
  language = {en},
  journal = {Acta Polytechn. Hung}
}
@incollection{seliya2002a,
  citation-number = {32},
  author = {Seliya, N. and Khoshgoftaar, T.M.},
  title = {Software quality classification modeling using the PRINT decision algorithm},
  date = {2002},
  pages = {365–374},
  language = {en},
  booktitle = {IEEE 14th Int’l Conf. Tools with Artificial Intelligence}
}
@misc{p2012a,
  citation-number = {33},
  author = {P.R.O.M.I.S.E.},
  title = {Promise Software Engineering Repository},
  date = {2012},
  language = {en}
}
@inproceedings{marinescu2004a,
  citation-number = {34},
  author = {Marinescu, R.},
  title = {Detection strategies: metrics-based rules for detecting design flaws},
  date = {2004},
  publisher = {IEEE},
  pages = {350–359},
  language = {en},
  booktitle = {Proceedings, 20th IEEE International Conference on Software Maintenance}
}
@book{i2013a,
  citation-number = {35},
  author = {I.S.M.},
  title = {Integrated Software Metrics, Inc},
  publisher = {ISM), INNOVA Commercialization Group},
  date = {2013},
  language = {en}
}
@book{unknown2005a,
  citation-number = {36},
  title = {I.S.M},
  publisher = {Predictive Tool Inc},
  date = {2005},
  language = {en}
}
@article{mccabe1976a,
  citation-number = {37},
  author = {McCabe, T.J.},
  title = {A complexity measure},
  date = {1976},
  pages = {308–320},
  language = {en},
  journal = {IEEE Trans. Softw. Eng}
}
@article{alan2011a,
  citation-number = {38},
  author = {Alan, O. and Catal, C.},
  title = {Thresholds based outlier detection approach for mining class outliers: an empirical case study on software measurement datasets},
  volume = {38},
  date = {2011},
  pages = {3440–3445},
  language = {en},
  journal = {Expert Syst. Appl}
}
@article{kohonen1982a,
  citation-number = {39},
  author = {Kohonen, T.},
  title = {Self-organized formation of topologically correct feature maps},
  volume = {43},
  date = {1982},
  pages = {59–69},
  language = {en},
  journal = {Biol. Cybernet}
}
@incollection{ba2005a,
  citation-number = {40},
  author = {Bação, F. and Lobo, V. and Painho, M.},
  title = {Self-organizing maps as substitutes for k-means clustering},
  publisher = {Springer},
  date = {2005},
  pages = {476–},
  language = {en},
  booktitle = {Computational Science – ICCS 2005}
}
@misc{marinai-a,
  citation-number = {41},
  author = {Marinai, S.},
  title = {SOM Clustering for Text Retrieval and Classification with Examples on Indian Scripts},
  language = {en}
}
@article{w2001a,
  citation-number = {42},
  author = {},
  title = {Using self-organizing maps to analyze object-oriented software measures},
  volume = {59},
  date = {2001},
  pages = {65–82},
  language = {en},
  journal = {J. Syst. Softw}
}
@article{groenen2001a,
  citation-number = {43},
  author = {Groenen, P.J. and Jajuga, K.},
  title = {Fuzzy clustering with squared Minkowski distances},
  volume = {120},
  date = {2001},
  pages = {227–237},
  language = {en},
  journal = {Fuzzy Sets Syst}
}
@incollection{attik2005a,
  citation-number = {44},
  author = {Attik, M. and Bougrain, L. and Alexandre, F.},
  title = {Self-organizing map initialization},
  publisher = {Springer},
  date = {2005},
  pages = {357–362},
  language = {en},
  booktitle = {Artificial Neural Networks: Biological Inspirations – ICANN 2005}
}
@misc{akinduko2012a,
  citation-number = {45},
  author = {Akinduko, A.A. and Mirkes, E.M.},
  title = {Initialization of Self-Organizing Maps: Principal Components Versus Random Initialization. A Case Study},
  date = {2012},
  note = {arXiv preprint arXiv:1210.5873.},
  arxiv = {1210.5873},
  language = {es}
}
@article{chen2010a,
  citation-number = {46},
  author = {Chen, Y. and Qin, B. and Liu, T. and Liu, Y. and Li, S.},
  title = {The comparison of SOM and K-means for text clustering},
  volume = {3},
  date = {2010},
  pages = {268},
  language = {en},
  journal = {Comput. Inform. Sci}
}
@misc{varade-a,
  citation-number = {47},
  author = {Varade, S.M. and Ingle, M.},
  title = {Overview of software fault prediction using clustering approaches and tree data structure},
  language = {en}
}
@article{vanmali2002a,
  citation-number = {48},
  author = {Vanmali, M. and Last, M. and Kandel, A.},
  title = {Using a neural network in the software testing process},
  volume = {17},
  date = {2002},
  pages = {45–62},
  language = {en},
  journal = {Int. J. Intell. Syst}
}
@book{simons1999a,
  citation-number = {49},
  author = {Simons, H.},
  title = {Neural Networks: A Comprehensive Foundation},
  publisher = {Prentice Hall},
  date = {1999},
  language = {en}
}
@book{n2001a,
  citation-number = {50},
  author = {N.T.},
  title = {Hunt},
  publisher = {Sidney Stratify Sampling},
  date = {2001},
  language = {en}
}
@book{boetticher2007a,
  citation-number = {51},
  author = {Boetticher, G. and Menzies, T. and Ostrand, T.},
  title = {PROMISE Repository of Empirical Software Engineering Data},
  publisher = {West Virginia University, Department of Computer Science},
  date = {2007},
  language = {en}
}
@misc{vesanto2000a,
  citation-number = {52},
  author = {Vesanto, J. and Himberg, J. and Alhoniemi, E. and Parhankangas, J.},
  title = {SOM Toolbox for Matlab 5},
  date = {2000},
  language = {en},
  address = {Citeseer}
}
@misc{wendel2010a,
  citation-number = {53},
  author = {Wendel, J. and Buttenfield, B.P.},
  title = {Formalizing Guidelines for Building Meaningful Self-Organizing Maps, GIScience},
  date = {2010},
  language = {en},
  address = {Zurich}
}
