@inproceedings{arisholm2007a,
  author = {Arisholm, E. and Briand, L.C.},
  date = {2007},
  title = {Fuglerud M Data mining techniques for building fault-proneness mod- els in telecom java software},
  pages = {215–224},
  language = {en},
  booktitle = {Software Reliability, 2007. ISSRE ’07. The 18th IEEE International Symposium on}
}
@article{arisholm2010a,
  author = {Arisholm, E. and Briand, L.C. and Johannessen, E.B.},
  date = {2010},
  title = {A systematic and comprehensive investigation of methods to build and evaluate fault prediction models},
  volume = {83},
  pages = {2– 17},
  language = {en},
  journal = {Journal of Systems and Software},
  number = {1}
}
@inproceedings{bell2006a,
  author = {Bell, R. and Ostrand, T. and Weyuker, E.},
  date = {2006},
  title = {Looking for bugs in all the right places},
  pages = {61–72},
  language = {en},
  booktitle = {Proceedings of the 2006 international symposium on Software testing and analysis, ACM}
}
@inproceedings{bibi2006a,
  author = {Bibi, S. and Tsoumakas, G. and Stamelos, I. and Vlahvas, I.},
  date = {2006},
  title = {Software defect prediction using regression via classification},
  language = {en},
  booktitle = {IEEE international conference on computer systems and applications}
}
@inproceedings{bird2009a,
  author = {Bird, C. and Bachmann, A. and Aune, E. and Duffy, J. and Bernstein, A. and Filkov, V. and Devanbu, P.},
  date = {2009},
  title = {Fair and balanced?},
  volume = {09},
  pages = {121–130},
  language = {en},
  booktitle = {bias in bug-fix datasets.In Proceedings of the the 7th joint meeting of the European software engineering conference and the ACM SIGSOFT symposium on The foundations of software engineering, ACM},
  address = {New York, NY, USA, ESEC/FSE}
}
@inproceedings{bird2009b,
  author = {Bird, C. and Nagappan, N. and Gall, H. and Murphy, B. and Devanbu, P.},
  date = {2009},
  title = {Putting it all together: Using socio-technical networks to predict failures},
  pages = {109–119},
  language = {en},
  booktitle = {20th International Symposium on Software Reliability Engineering, IEEE}
}
@incollection{boetticher2006a,
  author = {Boetticher, G.},
  date = {2006},
  title = {Advanced machine learner applications in software engineering, Idea Group Publish- ing},
  language = {en},
  booktitle = {chap Improving credibility of machine learner models in software engineering},
  address = {Hershey, PA, USA}
}
@article{bowes2013a,
  author = {},
  date = {2013},
  title = {DConfusion: a technique to allow cross study performance evaluation of fault prediction studies},
  pages = {1–27},
  doi = {10.1007/s10515-013-0129-8.},
  language = {en},
  journal = {Proceedings of the 11th International Conference on Predictive Models and Data}
}
@article{software2002a,
  author = {Software Engineering, Analytics and Briand, L. and Melo, W. and Wust, J.},
  volume = {15},
  pages = {1–3 10},
  doi = {10.1145/2810146.2810149.},
  date = {2002},
  title = {Assessing the applicability of fault-proneness models across object-oriented software projects},
  language = {en},
  journal = {PROMISE},
  number = {7}
}
@article{catal2009a,
  author = {Catal, C. and Diri, B.},
  date = {2009},
  title = {A systematic review of software fault prediction studies},
  volume = {36},
  pages = {7346–7354},
  language = {en},
  journal = {Expert Systems with Applications},
  number = {4}
}
@article{chawla2004a,
  author = {Chawla, N.V. and Japkowicz, N. and Kotcz, A.},
  date = {2004},
  title = {Editorial: special issue on learning from imbalanced data sets},
  volume = {6},
  pages = {1–6},
  language = {en},
  journal = {SIGKDD Explorations},
  number = {1}
}
@article{chen2009a,
  author = {Chen, H. and Yao, X.},
  date = {2009},
  title = {Regularized negative correlation learning for neural network ensembles},
  volume = {20},
  pages = {1962–1979},
  language = {en},
  journal = {IEEE Transactions on Neural Networks},
  number = {12}
}
@article{chen2014a,
  author = {Chen, W. and Wang, Y. and Cao, G. and Chen, G. and Gu, Q.},
  date = {2014},
  title = {A random forest model based classification scheme for neonatal amplitude-integrated eeg},
  volume = {13},
  pages = {1},
  language = {en},
  journal = {Biomedical engineering online},
  number = {2}
}
@article{d2009a,
  author = {D’Ambros, M. and Lanza, M. and Robbes, R.},
  date = {2009},
  title = {On the relationship between change coupling and software defects},
  pages = {135 –144},
  editor = {D’Ambros, M. and Lanza, M. and Robbes, R.},
  volume = {17},
  doi = {10.1007/s10664-011-},
  language = {en},
  journal = {16th working conference on reverse engineering, 2009. WCRE ’09},
  number = {4}
}
@incollection{dougherty1995a,
  author = {Dougherty, J. and Kohavi, R. and Sahami, M.},
  date = {1995},
  title = {Supervised and unsupervised discretization of continuous features},
  pages = {194–202},
  language = {en},
  booktitle = {ICML}
}
@article{elish2008a,
  author = {Elish, K. and Elish, M.},
  date = {2008},
  title = {Predicting defect-prone software modules using support vector machines},
  volume = {81},
  pages = {649–660},
  language = {en},
  journal = {Journal of Systems and Software},
  number = {5}
}
@article{fayyad1996a,
  author = {Fayyad, U. and Piatetsky-Shapiro, G. and Smyth, P.},
  date = {1996},
  title = {From data mining to knowledge discovery in databases},
  volume = {17},
  pages = {37},
  language = {it},
  journal = {AI magazine},
  number = {3}
}
@article{fenton1999a,
  author = {Fenton, N. and Neil, M.},
  date = {1999},
  title = {A critique of software defect prediction models},
  volume = {25},
  pages = {675–689},
  language = {en},
  journal = {IEEE Transactions on Software Engineering},
  number = {5}
}
@inproceedings{gao2015a,
  author = {Gao, K. and Khoshgoftaar, T.M. and Napolitano, A.},
  date = {2015},
  title = {Combining feature subset selection and data sampling for coping with highly imbalanced software data},
  language = {en},
  booktitle = {Proc. of 27th International Conf. on Software Engineering and Knowledge Engineering},
  address = {Pittsburgh}
}
@thesis{gray2013a,
  author = {Gray, D.},
  date = {2013},
  title = {Software defect prediction using static code metrics : Formulating a methodology},
  language = {en},
  school = {University of Hertfordshire},
  type = {PhD thesis,}
}
@incollection{gray2011a,
  author = {Gray, D. and Bowes, D. and Davey, N. and Sun, Y. and Christianson, B.},
  date = {2011},
  title = {The misuse of the NASA metrics data program data sets for automated software defect prediction},
  language = {en},
  booktitle = {EASE 2011, IET},
  address = {Durham, UK}
}
@article{gray2012a,
  author = {Gray, D. and Bowes, D. and Davey, N. and Sun, Y. and Christianson, B.},
  date = {2012},
  title = {Reflections on the NASA MDP data sets},
  volume = {6},
  pages = {549–558},
  language = {en},
  journal = {IET Software},
  number = {6}
}
@article{hall2003a,
  author = {Hall, M.A. and Holmes, G.},
  date = {2003},
  title = {Benchmarking attribute selection techniques for discrete class data mining},
  volume = {15},
  pages = {1437–1447},
  language = {en},
  journal = {IEEE Transactions on Knowledge and Data Engineering},
  number = {6}
}
@article{hall2012a,
  author = {Hall, T. and Beecham, S. and Bowes, D. and Gray, D. and Counsell, S.},
  date = {2012},
  title = {A systematic literature review on fault prediction performance in software engineering},
  volume = {38},
  pages = {1276–1304},
  language = {en},
  journal = {IEEE Transactions on Software Engineering},
  number = {6}
}
@inproceedings{jiang2009a,
  author = {Jiang, Y. and Lin, J. and Cukic, B. and Menzies, T.},
  date = {2009},
  title = {Variance analysis in software fault prediction models},
  pages = {99–108},
  language = {en},
  booktitle = {SSRE 2009, 20th International Symposium on Software Reliability Engineering, IEEE Computer Society, Mysuru},
  address = {Karnataka, India}
}
@inproceedings{jureczko2010a,
  author = {Jureczko, M. and Madeyski, L. and Kamei, Y. and Shihab, E.},
  date = {2010},
  title = {Towards identifying software project clusters with regard to defect prediction},
  volume = {10},
  pages = {1–9 10},
  doi = {10.1145/1868328.1868342.},
  language = {en},
  booktitle = {Proceedings of the 6th International Conference on Predictive Models in Software Engineering, ACM},
  address = {New York, NY, USA, PROMISE}
}
@article{khoshgoftaar2002a,
  author = {Khoshgoftaar, T. and Yuan, X. and Allen, E. and Jones, W. and Hudepohl, J.},
  date = {2002},
  title = {Uncertain classification of fault- prone software modules},
  volume = {7},
  pages = {297–318},
  language = {en},
  journal = {Empirical Software Engineering},
  number = {4}
}
@inproceedings{khoshgoftaar2010a,
  author = {Khoshgoftaar, T.M. and Gao, K. and Seliya, N.},
  date = {2010},
  title = {Attribute selection and imbalanced data: Problems in software defect prediction},
  volume = {1},
  pages = {137–144},
  language = {en},
  booktitle = {2010 22nd IEEE international conference on tools with artificial intelligence (ICTAI}
}
@inproceedings{kim2011a,
  author = {Kim, S. and Zhang, H. and Wu, R. and Gong, L.},
  date = {2011},
  title = {Dealing with noise in defect prediction},
  volume = {11},
  pages = {481–490},
  language = {en},
  booktitle = {Proceedings of the 33rd International Conference on Software Engineering, ACM},
  address = {New York, NY, USA, ICSE}
}
@inproceedings{kutlubay2007a,
  author = {Kutlubay, O. and Turhan, B. and Bener, A.},
  date = {2007},
  title = {A two-step model for defect density estimation},
  pages = {322–332},
  language = {en},
  booktitle = {33rd EUROMICRO Conference on Software Engineering and Advanced Applications}
}
@article{laradji2015a,
  author = {Laradji, I.H. and Alshayeb, M. and Ghouti, L.},
  date = {2015},
  title = {Software defect prediction using ensemble learning on selected features},
  volume = {58},
  pages = {388–402},
  doi = {10.1016/j.infsof.2014.07.005.},
  url = {http://www.sciencedirect.com/science/article/pii/S0950584914001591.},
  language = {en},
  journal = {Information and Software Technology}
}
@article{lessmann2008a,
  author = {Lessmann, S. and Baesens, B. and Mues, C. and Pietsch, S.},
  date = {2008},
  title = {Benchmarking classification models for software defect prediction: A proposed framework and novel findings},
  volume = {34},
  pages = {485–496},
  language = {en},
  journal = {IEEE Transactions on Software Engineering},
  number = {4}
}
@inproceedings{liebchen2008a,
  author = {Liebchen, G. and Shepperd, M.},
  date = {2008},
  title = {Data sets and data quality in software engineering},
  pages = {39–44},
  language = {en},
  booktitle = {Proceedings of the 4th international workshop on Predictor models in software engineering, ACM}
}
@article{madeyski2015a,
  author = {Madeyski, L. and Jureczko, M. and Malhotra, R.},
  date = {2015},
  title = {Which process metrics can significantly improve defect prediction models? An empirical study},
  volume = {23},
  pages = {393–422},
  doi = {10.1007/s11219-014-9241-7.},
  language = {en},
  journal = {Software Quality Journal},
  number = {3}
}
@inproceedings{mende2011a,
  author = {Mende, T. and Mende, T. and Koschke, R.},
  date = {2011},
  title = {On the evaluation of defect prediction models},
  pages = {107–116},
  language = {en},
  booktitle = {The 15th CREST Open Workshop}
}
@article{menzies2007a,
  author = {Menzies, T. and Greenwald, J. and Frank, A.},
  date = {2007},
  title = {Data mining static code attributes to learn defect predictors},
  volume = {33},
  pages = {2–13},
  language = {en},
  journal = {IEEE Transactions on Software Engineering},
  number = {1}
}
@inproceedings{menzies2008a,
  author = {Menzies, T. and Turhan, B. and Bener, A. and Gay, G. and Cukic, B. and Jiang, Y.},
  date = {2008},
  title = {Implications of ceiling effects in defect predictors},
  pages = {47–54},
  language = {en},
  booktitle = {Proceedings of the 4th international workshop on Predictor models in software engineering}
}
@misc{menzies2012a,
  author = {Menzies, T. and Caglayan, B. and He, Z. and Kocaguneli, E. and Krall, J. and Peters, F. and Turhan, B.},
  date = {2012},
  title = {The promise repository of empirical software engineering data},
  url = {http://promisedata.googlecode.com.},
  language = {en}
}
@book{minku2012a,
  author = {Minku, L.L. and Yao, X.},
  date = {2012},
  title = {Ensembles and locality: Insight on improving software effort estimation},
  publisher = {Information and Software Technology},
  language = {en}
}
@article{minku2013a,
  author = {Minku, L.L. and Yao, X.},
  date = {2013},
  title = {Software effort estimation as a multi-objective learning problem},
  note = {to appear.},
  language = {en},
  journal = {ACM Transactions on Software Engineering and Methodology}
}
@article{m2011a,
  author = {Mısırlı, A.T. and Bener, A.B. and Turhan, B.},
  date = {2011},
  title = {An industrial case study of classifier ensembles for locating software defects},
  volume = {19},
  pages = {515–536},
  language = {en},
  journal = {Software Quality Journal},
  number = {3}
}
@inproceedings{mizuno2007a,
  author = {Mizuno, O. and Kikuno, T.},
  date = {2007},
  title = {Training on errors experiment to detect fault-prone software modules by spam filter},
  volume = {07},
  pages = {405–414},
  language = {en},
  booktitle = {Proceedings of the the 6th joint meeting of the European software engineering conference and the ACM SIGSOFT symposium on The foundations of software engineering, ACM},
  address = {New York, NY, USA, ESEC-FSE}
}
@incollection{mizuno2007b,
  author = {Mizuno, O. and Ikami, S. and Nakaichi, S. and Kikuno, T.},
  date = {2007},
  title = {Spam filter based approach for finding fault- prone software modules},
  pages = {4},
  language = {en},
  booktitle = {Mining Software Repositories, 2007. ICSE Workshops MSR ’07. Fourth International Workshop on}
}
@article{myrtveit2005a,
  author = {Myrtveit, I. and Stensrud, E. and Shepperd, M.},
  date = {2005},
  title = {Reliability and validity in comparative studies of software prediction models},
  pages = {380–391},
  language = {en},
  journal = {IEEE Transactions on Software Engineering}
}
@inproceedings{nagappan2010a,
  author = {Nagappan, N. and Zeller, A. and Zimmermann, T. and Herzig, K. and Murphy, B.},
  date = {2010},
  title = {Change bursts as defect pre- dictors},
  pages = {309–318},
  language = {en},
  booktitle = {Software Reliability Engineering, 2010 IEEE 21st International Symposium on}
}
@inproceedings{ostrand2010a,
  author = {Ostrand, T. and Weyuker, E. and Bell, R.},
  date = {2010},
  title = {Programmer-based fault prediction},
  pages = {1–10},
  language = {en},
  booktitle = {Proceedings of the 6th International Conference on Predictive Models in Software Engineering, ACM}
}
@inproceedings{panichella2014a,
  author = {Panichella, A. and Oliveto, R. and De Lucia, A.},
  date = {2014},
  title = {Cross-project defect prediction models: L’union fait la force},
  pages = {164–173},
  doi = {10.1109/CSMR-WCRE.2014.6747166.},
  language = {en},
  booktitle = {2014 Software Evolution Week - IEEE Conference on Software Maintenance, Reengineering and Reverse Engineering (CSMR-WCRE}
}
@inproceedings{petric2016a,
  author = {},
  date = {2016},
  title = {Building an ensemble for soft- ware defect prediction based on diversity selection},
  volume = {ESEM’16},
  pages = {10},
  language = {en},
  booktitle = {The 10th International Symposium on Empirical Software Engineering and Measurement}
}
@inproceedings{petric2016b,
  author = {},
  date = {2016},
  title = {The jinx on the NASA software defect data sets},
  volume = {16},
  pages = {1–13 5},
  doi = {10.1145/2915970.2916007.},
  language = {en},
  booktitle = {Proceedings of the 20th International Conference on Evaluation and Assessment in Software Engineering, ACM},
  address = {New York, NY, USA, EASE}
}
@inproceedings{rodriguez2014a,
  author = {Rodriguez, D. and Herraiz, I. and Harrison, R. and Dolado, J. and Riquelme, J.C.},
  date = {2014},
  title = {Preliminary comparison of techniques for dealing with imbalance in software defect prediction},
  volume = {14},
  pages = {1–43 10},
  doi = {10.1145/2601248.2601294.},
  language = {en},
  booktitle = {Proceedings of the 18th Interna- tional Conference on Evaluation and Assessment in Software Engineering, ACM},
  address = {New York, NY, USA, EASE}
}
@article{seiffert2009a,
  author = {Seiffert, C. and Khoshgoftaar, T.M. and Hulse, J.V. and Shepperd, M. and Kadoda, G.},
  date = {2009},
  title = {Improving software-quality predictions with data sampling and boosting},
  volume = {39},
  pages = {1283–1294},
  language = {en},
  journal = {IEEE Transactions on Systems, Man, and Cybernetics Part A},
  number = {6}
}
@article{shepperd2013a,
  author = {Shepperd, M. and Song, Q. and Sun, Z. and Mair, C.},
  date = {2013},
  title = {Data quality: some comments on the NASA software defect datasets},
  volume = {39},
  pages = {1208–1215},
  doi = {10.1109/TSE.2013.11.},
  language = {en},
  journal = {IEEE Transactions on Software Engineering},
  number = {9}
}
@article{shepperd2014a,
  author = {Shepperd, M. and Bowes, D. and Hall, T.},
  date = {2014},
  title = {Researcher bias: The use of machine learning in software defect prediction},
  volume = {40},
  pages = {603–616},
  doi = {10.1109/TSE.2014.232358.},
  language = {en},
  journal = {IEEE Transactions on Software Engineering},
  number = {6}
}
@inproceedings{shin2009a,
  author = {Shin, Y. and Bell, R.M. and Ostrand, T.J. and Weyuker, E.J.},
  date = {2009},
  title = {Does calling structure information improve the accuracy of fault prediction?},
  editor = {Godfrey, M.W. and Whitehead, J.},
  pages = {61–70},
  language = {en},
  booktitle = {Proceedings of the 6th International Working Conference on Mining Software Repositories, IEEE}
}
@inproceedings{shivaji2009a,
  author = {Shivaji, S. and Whitehead, E.J. and Akella, R. and Sunghun, K.},
  date = {2009},
  title = {Reducing features to improve bug prediction},
  pages = {600–604},
  language = {en},
  booktitle = {Automated Software Engineering, 2009. ASE ’09. 24th IEEE/ACM International Conference on}
}
@article{soares2004a,
  author = {Soares, C. and Brazdil, P.B. and Kuba, P.},
  date = {2004},
  title = {A meta-learning method to select the kernel width in support vector regression},
  volume = {54},
  pages = {195–209},
  language = {en},
  journal = {Machine learning},
  number = {3}
}
@article{sun2012a,
  author = {Sun, Z. and Song, Q. and Zhu, X.},
  date = {2012},
  title = {Using coding-based ensemble learning to improve software defect prediction},
  volume = {42},
  pages = {1806–1817},
  doi = {10.1109/TSMCC.2012.2226152.},
  language = {en},
  journal = {IEEE Transactions on Systems, Man, and Cybernetics, Part C: Applications and Reviews},
  number = {6}
}
@article{turhan2009a,
  author = {Turhan, B. and Menzies, T. and Bener, A.B. and Di Stefano, J.},
  date = {2009},
  title = {On the relative value of cross-company and within-company data for defect prediction},
  volume = {14},
  pages = {540–578},
  doi = {10.1007/s10664-008-9103-7.},
  language = {en},
  journal = {Empirical Softw Engg},
  number = {5}
}
@article{visa2004a,
  author = {Visa, S. and Ralescu, A. and Wahono, R.},
  date = {2004},
  title = {Fuzzy classifiers for imbalanced, complex classes of varying size},
  pages = {393–400},
  volume = {1},
  url = {http://journal.ilmukomputer.org/index.php/jse/article/view/47.},
  language = {en},
  journal = {Information Processing and Management of Uncertainty in Knowledge-Based Systems},
  number = {1}
}
@article{wahono2015a,
  author = {Wahono, R.},
  date = {2015},
  title = {A systematic literature review of software defect prediction: research trends, datasets, methods and frameworks},
  volume = {1},
  language = {en},
  journal = {Journal of Software Engineering},
  number = {1}
}
@article{witten2005a,
  author = {Witten, I. and Morgan Kaufmann. Wolpert, D.H.},
  date = {2005},
  title = {Frank E. Data mining: practical machine learning tools and techniques},
  volume = {5},
  pages = {241–259},
  doi = {10.1016/S0893-6080(05)80023-1.},
  language = {en},
  journal = {Neural Networks},
  number = {2}
}
@inproceedings{zhang2009a,
  author = {Zhang, H.},
  date = {2009},
  title = {An investigation of the relationships between lines of code and defects},
  pages = {274–283},
  language = {en},
  booktitle = {Software Maintenance, 2009. ICSM 2009. IEEE International Conference on}
}
@article{zhou2010a,
  author = {Zhou, Y. and Xu, B. and Leung, H.},
  date = {2010},
  title = {On the ability of complexity metrics to predict fault-prone classes in object-oriented systems},
  volume = {83},
  pages = {660–674},
  language = {en},
  journal = {Journal of Systems and Software},
  number = {4}
}
@inproceedings{zimmermann2009a,
  author = {Zimmermann, T. and Nagappan, N. and Gall, H. and Giger, E. and Murphy, B.},
  date = {2009},
  title = {Cross-project defect prediction: a large scale experiment on data vs. domain vs. process},
  volume = {09},
  pages = {91–100},
  language = {en},
  booktitle = {Proceedings of the the 7th joint meeting of the European software engineering conference and the ACM SIGSOFT symposium on The foundations of software engineering, ACM},
  address = {New York, NY, USA, ESEC/FSE}
}
