@article{khan2013a,
  author = {Khan, Hafiz Ansar},
  title = {Establishing a Defect Management Process Model for Software Quality Improvement},
  volume = {2},
  date = {2013},
  language = {en},
  journal = {International Journal of future Computer and Communication},
  number = {6}
}
@article{faizan2014a,
  author = {Faizan, Muhammad and Ulhaq, Sami and Khan, M.N.A.},
  title = {Defect Prevention and Process Improvement Methodology for Outsourced Software Projects},
  volume = {19},
  pages = {674–682,},
  date = {2014},
  language = {en},
  journal = {Middle-East Journal of Scientific Research},
  number = {5}
}
@inproceedings{suma2008a,
  author = {Suma, V.},
  title = {Defect Prevention Approaches In Medium Scale It Enterprises},
  date = {2008},
  language = {en},
  booktitle = {National Conference on Recent Research Trends in Information Technology}
}
@book{v2008a,
  author = {V., Suma and Nair, T.R.Gopalakrishnan},
  title = {A Effective Defect Prevention Approach in Software Process for Achieving Better Quality Levels},
  publisher = {World Academy of Science, Engineering and Technology},
  date = {2008},
  language = {en}
}
@article{irajhirmanpour2003a,
  author = {IrajHirmanpour and Schofield, Joe},
  title = {Defect Management through the Personal Software Process},
  date = {2003},
  language = {en},
  journal = {The Journal of Defense Software Engineering}
}
@article{mika2009a,
  author = {Mika, V.},
  title = {Ma ̈ntyla ̈ and Casper Lassenius, What Types of Defects are really Discovered in Code Reviews?},
  volume = {35},
  date = {2009},
  language = {en},
  journal = {IEEE Transactions on Software Engineering}
}
@inproceedings{jalote2007a,
  author = {Jalote, Pankaj and Agrawal, Naresh},
  title = {Using Defect analysis Feedback for Improving Quality and Productivity in Iterative Software Development},
  pages = {703–713,},
  date = {2007},
  language = {en},
  booktitle = {In proceedings of ITI 3rd International Conference on Information and Communications Technology}
}
@inproceedings{audrismockus2009a,
  author = {AudrisMockus and NachiappanNagappan},
  title = {Test Coverage and Post-Verification Defects: A Multiple Case Study},
  pages = {291–301,},
  date = {2009},
  language = {en},
  booktitle = {Proceedings of the Third International Symposium on Empirical Software Engineering and Measurement, ESEM}
}
@article{sharma2012a,
  author = {Sharma, Abhiraja and Hemrajani, Naveen and SavitaShiwani and Dave, Ruchi},
  title = {Defect Prevention Technique in Test Case of Software Process for Quality Improvement},
  volume = {3},
  pages = {56–61,},
  date = {2012},
  language = {en},
  journal = {International Journal on Computer Technology Applications},
  number = {1}
}
@article{wagner2008a,
  author = {Wagner, Stefan},
  title = {Defect Classification and Defect Types Revisited},
  date = {2008},
  language = {en},
  journal = {ACM journal on software testing}
}
@article{trivedi2010a,
  author = {Trivedi, Prakriti and SomPachori},
  title = {Modelling and Analysing of Software Defect Prevention Using ODC},
  volume = {1},
  date = {2010},
  language = {en},
  journal = {International Journal of Advanced Computer Science and Applications},
  number = {3}
}
@article{faizan2012a,
  author = {Faizan, Muhammad and Khan, Muhammad Naeem Ahmed and Ulhaq, Sami},
  title = {Contemporary Trends in Defect Prevention: A Survey Report},
  volume = {3},
  pages = {14–20,},
  date = {2012},
  language = {en},
  journal = {International Journal on Modern Education and Computer Science}
}
@book{jiang2011a,
  author = {Jiang, Yuan},
  title = {Ming Li and Zhi-Hua Zhou, Software Defect Detection with ROCUS},
  publisher = {Journal of Computer Science and Technology},
  date = {2011},
  language = {en}
}
@misc{jones2012a,
  author = {Jones, Capers},
  title = {Software Defect Origins and Removal Methods},
  date = {2012},
  language = {en}
}
@article{wagner2006a,
  author = {Wagner, Stefan},
  title = {A Model and Sensitivity analysis of the Quality Economics of Defect-Detection Techniques},
  date = {2006},
  language = {en},
  journal = {ACM journal on software testing}
}
@article{bean2008a,
  author = {Bean, Eric},
  title = {Defect Prevention and Detection in Software for Automated test Equipment},
  volume = {11},
  pages = {16–23,},
  date = {2008},
  language = {en},
  journal = {IEEE Transactions on Instrumentation and Measurement},
  number = {4}
}
@article{sakthikumaresh2012a,
  author = {SakthiKumaresh and Ramachandran},
  title = {Defect Prevention based on 5 Dimensions of Defect Origin},
  volume = {3},
  pages = {4,},
  date = {2012},
  language = {en},
  journal = {International Journal of Software Engineering & Applications (IJSEA}
}
@article{mehransharafi2012a,
  author = {MehranSharafi, Sayed},
  title = {SHADD: A scenario-based approach to software architectural defects detection},
  date = {2012},
  language = {en},
  journal = {Elsevier Journal of Advances in Engineering Software}
}
@article{mittal2012a,
  author = {Mittal, Arpita and kumarDubey, Sanjay},
  title = {Defect Handling in Software Metrics},
  volume = {1},
  date = {2012-05},
  language = {en},
  journal = {International Journal of Advanced Research in Computer and Communication Engineering}
}
@article{nair2012a,
  author = {Nair, T.R.Gopalakrishnan and Suma, V. and Tiwari, P.Kumar},
  title = {Significance of Depth of Inspection and Inspection Performance Metrics for Consistent Defect Management in Software Industry},
  date = {2012},
  language = {en},
  journal = {Journal of IET software}
}
@article{kalinowski2012a,
  author = {Kalinowski, Marcos and Card, David N. and Travassos, Guilherme H.},
  title = {Evidence-Based Guidelines to Defect Causal Analysis},
  date = {2012},
  language = {en},
  journal = {IEEE Transactions on Software Engineering}
}
@article{nair2012b,
  author = {Nair, T.R.Gopalakrishnan and Selvarani, R.},
  title = {Defect Proneness Estimation and Feedback approach for Software design quality Improvement},
  date = {2012},
  language = {en},
  journal = {Elsevier Journal of Information and Software technology}
}
