@article{abreu2009a,
  author = {Abreu, R. and Zoeteweij, P. and Golsteijn, R. and Van Gemund, A.J.C.},
  date = {2009},
  title = {A practical evaluation of spectrum- based fault localization},
  volume = {82},
  pages = {1780–1792},
  language = {en},
  journal = {Journal of Systems and Software},
  number = {11}
}
@inproceedings{afshan2013a,
  author = {Afshan, S. and McMinn, P. and Stevenson, M.},
  date = {2013},
  title = {Evolving readable string test inputs using a natural language model to reduce human oracle cost},
  pages = {352–361},
  language = {en},
  booktitle = {Proceedings of IEEE Sixth International Conference on Software Testing, Verification and Validation (ICST), Luxembourg}
}
@article{agrawal1996a,
  author = {Agrawal, H. and DeMillo, R.A. and Spafford, E.H.},
  date = {1996},
  title = {Debugging with dynamic slicing and backtracking},
  volume = {23},
  pages = {589–616},
  language = {en},
  journal = {Software—Practice and Experience},
  number = {6}
}
@inproceedings{agrawal1995a,
  author = {Agrawal, H. and Horgan, J.R. and London, S. and Wong, W.E.},
  date = {1995},
  title = {Fault localization using execution slices and dataflow tests},
  pages = {143–15},
  language = {en},
  booktitle = {Proceedings of the 6th International Symposium on Software Reliability Engineering, Toulouse, France}
}
@inproceedings{andrews2005a,
  author = {Andrews, J.H. and Briand, L.C. and Labiche, Y.},
  date = {2005},
  title = {Is mutation an appropriate tool for testing experiments?},
  pages = {402–411},
  language = {en},
  booktitle = {Proceedings of the 27th International Conference on Software Engineering, St},
  address = {Louis, Missouri, USA}
}
@article{bookstein2002a,
  author = {Bookstein, A. and Kulyukin, V.A. and Raita, T.},
  date = {2002},
  title = {Generalized Hamming distance},
  volume = {5},
  pages = {353–375},
  language = {en},
  journal = {Information Retrieval},
  number = {4}
}
@inproceedings{cleve2005a,
  author = {Cleve, H. and Zeller, A.},
  date = {2005},
  title = {Locating causes of program failures},
  pages = {342–351},
  language = {en},
  booktitle = {Proceedings of the 27th International Conference on Software Engineering, St},
  address = {Louis, Missouri, USA}
}
@article{do2006a,
  author = {Do, H. and Rothermel, G.},
  date = {2006},
  title = {On the use of mutation faults in empirical assessments of test case prioritization techniques},
  volume = {32},
  pages = {733–752},
  language = {en},
  journal = {IEEE Transactions on Software Engineering},
  number = {9}
}
@book{everitt1977a,
  author = {Everitt, B.S.},
  date = {1977},
  title = {The analysis of contingency tables},
  publisher = {Chapman & Hall},
  language = {en},
  address = {London}
}
@book{freeman1987a,
  author = {Freeman, D.},
  date = {1987},
  title = {Applied categorical data analysis},
  publisher = {Marcel Dekker},
  language = {en},
  address = {New York}
}
@book{goodman1984a,
  author = {Goodman, L.A.},
  date = {1984},
  title = {The analysis of cross-classification data having ordered categories},
  publisher = {Harvard University Press},
  language = {en},
  address = {Cambridge}
}
@article{hamming1950a,
  author = {Hamming, R.W.},
  date = {1950},
  title = {Error detecting and error correcting codes},
  volume = {29},
  pages = {147–160},
  language = {en},
  journal = {Bell System Technical Journal},
  number = {2}
}
@inproceedings{harman2010a,
  author = {Harman, M. and Kim, S.G. and Lakhotia, K. and McMinn, P. and Yoo, S.},
  date = {2010},
  title = {Optimizing for the number of tests generated in search based test data generation with an application to the oracle cost problem},
  pages = {182–191},
  language = {en},
  booktitle = {Proceedings of the 3rd International Conference on Software Testing, Verification, and Validation Workshops (ICSTW), Paris, France}
}
@article{hartigan1979a,
  author = {Hartigan, J.A. and Wong, M.A.},
  date = {1979},
  title = {Algorithm AS 136: A K-Means clustering algorithm},
  volume = {28},
  pages = {100–108},
  language = {en},
  journal = {Applied Statistics},
  number = {1}
}
@article{hierons2009a,
  author = {Hierons, R.M.},
  date = {2009},
  title = {Verdict functions in testing with a fault domain or test hypotheses},
  volume = {18},
  pages = {14},
  language = {en},
  journal = {ACM Trans- actions on Software Engineering and Methodology},
  number = {4}
}
@article{hierons2012a,
  author = {Hierons, R.M.},
  date = {2012},
  title = {Oracles for distributed testing},
  volume = {38},
  pages = {629–641},
  language = {en},
  journal = {IEEE Transactions on Software Engineering},
  number = {3}
}
@inproceedings{horgan1991a,
  author = {Horgan, J.R. and London, S.A.},
  date = {1991},
  title = {Data flow coverage and the C language},
  pages = {87–97},
  language = {en},
  booktitle = {Proceedings of the 4th Symposium on Software Testing, Analysis, and Verification},
  address = {Victoria, British Columbia, Canada}
}
@inproceedings{jeffrey2008a,
  author = {Jeffrey, D. and Gupta, N. and Gupta, R. and Jeffrey, D. and Gupta, N. and Gupta, R.},
  date = {2008},
  title = {Fault localization using value replacement},
  pages = {167–178},
  language = {en},
  booktitle = {Proceedings of Internet Symposium of Software Testing and Analysis},
  address = {Seattle, Washington, USA}
}
@inproceedings{jones2007a,
  author = {Jones, J.A. and Bowring, J. and Harrold, M.J.},
  date = {2007},
  title = {Debugging in parallel},
  pages = {16–26},
  language = {en},
  booktitle = {Proceedings of the 2007 International Symposium on Software Testing and Analysis},
  address = {London}
}
@inproceedings{jones2005a,
  author = {Jones, J.A. and Harrold, M.J.},
  date = {2005},
  title = {Empirical evaluation of the tarantula automatic fault-localization technique},
  pages = {273–282},
  language = {en},
  booktitle = {Proceedings of the 20th IEEE/ACM Conference on Automated Software Engineering},
  address = {Long Beach, California, USA}
}
@article{liu2006a,
  author = {Liu, C. and Fei, L. and Yan, X. and Han, J. and Midkiff, S.P.},
  date = {2006},
  title = {Statistical debugging: A hypothesis testing-based approach},
  volume = {32},
  pages = {831–848},
  language = {en},
  journal = {IEEE Transactions on Software Engineering},
  number = {10}
}
@inproceedings{lyle1987a,
  author = {Lyle, J.R. and Weiser, M. and Machado, P.D.L. and Andrade, W.L.},
  date = {1987},
  title = {Automatic program dug location by program slicing},
  pages = {877–883},
  language = {en},
  booktitle = {Proceedings of the 2nd International Conference on Computer and Applications},
  address = {Beijing, China}
}
@inproceedings{machado2007a,
  author = {Machado, P.D.L. and Andrade, W.L.},
  date = {2007},
  title = {The oracle problem for testing against quantified properties},
  pages = {415–418},
  language = {en},
  booktitle = {Proceedings of the 7th International Conference on Quality Software},
  address = {Portland, Oregon, USA}
}
@inproceedings{macqueen1967a,
  author = {MacQueen, J.},
  date = {1967},
  title = {Some methods for classification and analysis of multivariate observations},
  volume = {1},
  pages = {281–297},
  language = {en},
  booktitle = {Pro- ceedings of the 5th Berkeley Symposium on Mathematical Statistics and Probability}
}
@inproceedings{mcminn2010a,
  author = {McMinn, P. and Stevenson, M. and Harman, M.},
  date = {2010},
  title = {Reducing qualitative human oracle costs associated with automatically generated test data},
  pages = {1–4},
  language = {en},
  booktitle = {Proceedings of the First International Workshop on Software Test Output Validation, Trento, Italy}
}
@article{naish2011a,
  author = {Naish, L. and Lee, H.J. and Ramamohanarao, K.},
  date = {2011},
  title = {A model for spectra-based software diagnosis},
  volume = {20},
  language = {en},
  journal = {ACM Transactions on Software Engineering and Methodology},
  number = {3}
}
@article{namin2006a,
  author = {Namin, A.S. and Andrews, J.H. and Labiche, Y.},
  date = {2006},
  title = {Using mutation analysis for assessing and comparing testing coverage criteria},
  volume = {32},
  pages = {608–624},
  language = {en},
  journal = {IEEE Transactions on Software Engineering},
  number = {8}
}
@article{offutt1996a,
  author = {Offutt, A.J. and Lee, A. and Rothermel, G. and Untch, R.H. and Zapf, C.},
  date = {1996},
  title = {An experimental determination of sufficient mutant operators},
  volume = {5},
  pages = {99–118},
  language = {en},
  journal = {ACM Transactions on Software Engineering and Methodology},
  number = {2}
}
@book{ott1993a,
  author = {Ott, R.L.},
  date = {1993},
  title = {An introduction to statistical methods and data analysis},
  edition = {4th},
  publisher = {Duxbury Press},
  language = {en},
  address = {North Scituate}
}
@inproceedings{renieris2003a,
  author = {Renieris, M. and Reiss, S.P. and Santelices, R. and Jones, J.A. and Yu, Y. and Harrold, M.J.},
  date = {2003},
  title = {Fault localization with nearest neighbor queries},
  pages = {30–39},
  language = {en},
  booktitle = {Proceedings of the 18th International Conference on Automated Software Engineering},
  address = {Montreal, Canada}
}
@inproceedings{santelices2009a,
  author = {Santelices, R. and Jones, J.A. and Yu, Y. and Harrold, M.J.},
  date = {2009},
  title = {Lightweight fault-localization using multiple coverage types},
  pages = {56–66},
  language = {en},
  booktitle = {Proceedings of the 31st International Conference on Software Engineering, Vancouver, Canada}
}
@inproceedings{shahamiri2009a,
  author = {Shahamiri, S.R. and Kadir, W.M.N.W. and Mohd-Hashim, S.Z.},
  date = {2009},
  title = {A comparative study on automated software test oracle methods},
  pages = {140–145},
  language = {en},
  booktitle = {Proceedings of the 4th International Conference on Software Engineering Advances, Porto, Portugal}
}
@misc{unknown-a,
  title = {The Software Infrastructure Repository},
  url = {http://sir.unl.edu/portal/index.html.},
  language = {en}
}
@inproceedings{wang2012a,
  author = {Wang, Y. and Chen, Z. and Feng, Y. and Luo, B. and Yang, Y.},
  date = {2012},
  title = {Using weighted attributes to improve cluster test selection},
  pages = {138–146},
  language = {en},
  booktitle = {Proceedings of the 6th IEEE International Conference on Software Security and Reliability (SERE), Washington D.C}
}
@article{weiser1982a,
  author = {Weiser, M. and Wong, W.E. and Debroy, V. and Choi, B.},
  date = {1982},
  title = {Programmers use slices when debugging},
  volume = {25},
  pages = {446–452},
  language = {en},
  journal = {Communications of the ACM},
  number = {7}
}
@article{wong2014a,
  author = {Wong, W.E. and Debroy, V. and Gao, R. and Li, Y.},
  date = {2014},
  title = {The DStar method for effective software fault localization},
  volume = {62},
  pages = {290–308},
  language = {en},
  journal = {IEEE Transactions on Reliability},
  number = {4}
}
@article{wong2012a,
  author = {Wong, W.E. and Debroy, V. and Golden, R. and Xu, X. and Thuraisingham, B.},
  date = {2012},
  title = {Effective software fault localization using an RBF neural network},
  volume = {61},
  pages = {149–169},
  language = {en},
  journal = {IEEE Transactions on Reliability},
  number = {1}
}
@article{wong2012b,
  author = {Wong, W.E. and Debroy, V. and Xu, D.},
  date = {2012},
  title = {Towards better fault localization: A crosstab-based statistical approach},
  volume = {42},
  pages = {378–396},
  language = {en},
  journal = {IEEE Transactions on Systems, Man, and Cybernetics—Part C},
  number = {3}
}
@article{wong1998a,
  author = {Wong, W.E. and Horgan, J.R. and London, S. and Mathur, A.P.},
  date = {1998},
  title = {Effect of test set minimization on fault detection effectiveness},
  volume = {28},
  pages = {347–369},
  language = {en},
  journal = {Software—Practice and Experience},
  number = {4}
}
@article{wong1995a,
  author = {Wong, W.E. and Mathur, A.P.},
  date = {1995},
  title = {Fault detection effectiveness of mutation and data flow testing},
  volume = {4},
  pages = {69–83},
  language = {en},
  journal = {Software Quality Journal},
  number = {1}
}
@article{wong1995b,
  author = {Wong, W.E. and Mathur, A.P.},
  date = {1995},
  title = {Reducing the cost of mutation testing: An empirical study},
  volume = {31},
  pages = {185–196},
  language = {en},
  journal = {Journal of Systems and Software},
  number = {3}
}
@article{xie2013a,
  author = {Xie, X. and Wong, W.E. and Chen, T.Y. and Xu, B.},
  date = {2013},
  title = {Metamorphic slice: An application in spectrum-based fault localization},
  volume = {55},
  pages = {866–879},
  language = {en},
  journal = {Information and Software Technology},
  number = {5}
}
@inproceedings{yan2010a,
  author = {Yan, S. and Chen, Z. and Zhao, Z. and Zhang, C. and Zhou, Y.},
  date = {2010},
  title = {A dynamic test cluster sampling strategy by leveraging execution spectra information},
  pages = {147–154},
  language = {en},
  booktitle = {Proceedings of IEEE 3rd International Conference on Software Testing, Verification and Validation (ICST), Paris, France}
}
@inproceedings{yu2008a,
  author = {Yu, Y. and Jones, J.A. and Harrold, M.J.},
  date = {2008},
  title = {An empirical study on the effects of test-suite reduction on fault localization},
  pages = {201–210},
  language = {en},
  booktitle = {Proceedings of the International Conference on Software Engineering (ICSE), Leipzig, Germany}
}
@inproceedings{zhang2006a,
  author = {Zhang, X. and Gupta, N. and Gupta, R.},
  date = {2006},
  title = {Locating faults through automated predicate switching},
  pages = {272–281},
  language = {en},
  booktitle = {Proceedings of the 28th International Conference on Software Engineering, Shanghai, China}
}
@article{zhang2007a,
  author = {Zhang, X. and Gupta, N. and Gupta, R.},
  date = {2007},
  title = {A study of effectiveness of dynamic slicing in locating real faults},
  volume = {12},
  pages = {143–160},
  language = {en},
  journal = {Empirical Software Engineering},
  number = {2}
}
@article{zhang2010a,
  author = {Zhang, Z. and Jiang, B. and Chan, W.K. and Tse, T.H. and Wang, X.},
  date = {2010},
  title = {Fault localization through evaluation sequences},
  volume = {83},
  pages = {174–187},
  language = {en},
  journal = {Journal of System and Software},
  number = {2}
}
@misc{unknown1998a,
  title = {vSuds User’s Manual, Telcordia Technologies},
  date = {1998},
  language = {nl}
}
