@article{mirarab2012a,
  citation-number = {1.},
  author = {Mirarab, S. and Akhlaghi, S. and Tahvildari, L.},
  title = {Size-constrained regres- sion test case selection using multicriteria optimization. Proc},
  volume = {38},
  pages = {936–956},
  date = {2012},
  language = {en},
  journal = {IEEE Trans. Softw. Eng},
  number = {4}
}
@article{lei2017a,
  citation-number = {2.},
  author = {Lei, J. and Jin, T. and Hao, J. and Li, F.},
  title = {Short-term load forecasting with clustering-regression model in distributed cluster},
  volume = {1–11},
  date = {2017},
  language = {en},
  journal = {Clust. Comput}
}
@article{lin2014a,
  citation-number = {3.},
  author = {Lin, C.-T. and Tang, K.-W. and Kapfhamme, G.M.},
  title = {Test suite reduc- tion methods that decrease regression testing costs by identifying irreplaceable tests},
  volume = {56},
  pages = {1322–1344},
  date = {2014},
  language = {en},
  journal = {Proc. Inf. Softw. Technol},
  number = {10}
}
@article{sapna2015a,
  citation-number = {4.},
  author = {Sapna, P.G.},
  title = {An approach for generating minimal test cases for regression testing},
  volume = {47},
  pages = {188–196},
  date = {2015},
  language = {it},
  journal = {Proced. Comput. Sci}
}
@article{li2012a,
  citation-number = {5.},
  author = {Li, B. and Qiu, D. and Leung, H. and Wang, D.},
  title = {Automatic test case selection for regression testing of composite service based on extensible BPEL flow graph},
  volume = {85},
  pages = {1300–1324},
  date = {2012},
  language = {en},
  journal = {Proc. J. Syst. Softw},
  number = {6}
}
@article{mei2011a,
  citation-number = {6.},
  author = {Mei, L. and Chan, W.K. and Tse, T.H. and Merkel, R.G.},
  title = {XML-manipulating test case prioritization for XML-manipulating services},
  volume = {84},
  pages = {603–619},
  date = {2011},
  language = {en},
  journal = {Proc. J. Syst. Softw},
  number = {4}
}
@article{remmel2012a,
  citation-number = {7.},
  author = {Remmel, H. and Paech, B. and Bastian, P. and Engwer, C.},
  title = {System testing a scientific framework using a regression-test environment},
  volume = {14},
  pages = {38–45},
  date = {2012},
  language = {en},
  journal = {Proc. Comput. Sci. Eng},
  number = {2}
}
@article{muthusamy2014a,
  citation-number = {8.},
  author = {Muthusamy, T. and Seetharaman, K.},
  title = {Effectiveness of test case prioritization techniques based on regression testing},
  volume = {5},
  pages = {113–123},
  date = {2014},
  language = {en},
  journal = {Proc. Int. J. Softw. Eng. Appl},
  number = {6}
}
@article{zhang2008a,
  citation-number = {9.},
  author = {Zhang, Q. and Cherkasova, L. and Mi, N. and Smirni, E.},
  title = {Agression-based analytic model for capacity planning of multi-tier applications},
  volume = {11},
  pages = {197–211},
  date = {2008},
  language = {en},
  journal = {Clust. Comput},
  number = {3}
}
@article{do2010a,
  citation-number = {10.},
  author = {Do, H. and Mirarab, S. and Tahvildari, L. and Rothermel, G.},
  title = {The effects of time constraints on test case prioritization: a series of controlled experiments},
  volume = {36},
  pages = {593–617},
  date = {2010},
  language = {en},
  journal = {Proc. IEEE Trans. Softw. Eng},
  number = {5}
}
@article{krishnamoorthi2009a,
  citation-number = {11.},
  author = {Krishnamoorthi, R. and Sahaaya Arul Mary, S.A.},
  title = {Factor oriented requirement coverage based system test case prioritization of new and regression test cases},
  volume = {51},
  pages = {799–808},
  date = {2009},
  language = {en},
  journal = {Proc. Inf. Softw. Technol},
  number = {4}
}
@article{sampath2013a,
  citation-number = {12.},
  author = {Sampath, S. and Bryce, R. and Memon, A.M.},
  title = {A uniform representation of hybrid criteria for regression testing},
  volume = {39},
  pages = {1326–1344},
  date = {2013},
  language = {en},
  journal = {Proc. IEEE Trans. Softw. Eng},
  number = {10}
}
@article{indumathi2015a,
  citation-number = {13.},
  author = {Indumathi, C.P. and Selvamani, K.},
  title = {Testcasesprioritizationusingopen dependency structure algorithm},
  volume = {48},
  pages = {250– 255},
  date = {2015},
  language = {en},
  journal = {Proc. Comput. Sci. Eng}
}
@inproceedings{dobuneh2014a,
  citation-number = {14.},
  author = {Dobuneh, M.R.N. and Jawawi, D.N.A. and Ghazali, M. and Malakooti, M.V.},
  title = {Development test case prioritization technique in regression testing based on hybrid criteria},
  pages = {301–305},
  date = {2014},
  language = {en},
  booktitle = {Proceedings of In Software Engineering Conference (My SEC), 8th Malaysian}
}
@article{srikanth2012a,
  citation-number = {15.},
  author = {Srikanth, H. and Banerjee, S.},
  title = {Improving test efficiency through system test prioritization},
  volume = {85},
  pages = {1176–1187},
  date = {2012},
  language = {en},
  journal = {Proc. J. Syst. Softw},
  number = {5}
}
@article{zhai2014a,
  citation-number = {16.},
  author = {Zhai, K. and Jiang, B. and Chan, W.K.},
  title = {Prioritizing test cases for regression testing of location-based services: metrics, techniques, and case study},
  volume = {7},
  pages = {54–67},
  date = {2014},
  language = {fr},
  journal = {Proc. IEEE Trans. Serv. Comput},
  number = {1}
}
@inproceedings{qu2007a,
  citation-number = {17.},
  author = {Qu, X. and Cohen, M.B. and Woolf, K.M.},
  title = {Combinatorial interaction regression testing: a study of test case generation and prioritiza- tion},
  pages = {255–264},
  date = {2007},
  language = {en},
  booktitle = {The proceeding of IEEE International Conference on In Software Maintenance, ICSM}
}
@article{rauf2017a,
  citation-number = {18.},
  author = {Rauf, A. and Ramzan, M.},
  title = {Parallel testing and coverage analysis for context-free applications},
  volume = {1–11},
  date = {2017},
  language = {en},
  journal = {Clust. Comput}
}
@article{jeffrey2008a,
  citation-number = {19.},
  author = {Jeffrey, D. and Gupta, N.},
  title = {Experiments with test case prioritization using relevant slices},
  volume = {81},
  pages = {196–221},
  date = {2008},
  language = {en},
  journal = {Proc. J. Syst. Softw},
  number = {2}
}
@article{yu2012a,
  citation-number = {20.},
  author = {Yu, Y.T. and Lau, M.F.},
  title = {Fault-based test suite prioritization for specification-based testing},
  volume = {54},
  pages = {179–202},
  date = {2012},
  language = {en},
  journal = {Information and Software Technology},
  number = {2}
}
@article{schwartz2016a,
  citation-number = {21.},
  author = {Schwartz, A. and Do, H.},
  title = {Cost-effective regression testing through adaptive test prioritization strategies},
  volume = {115},
  pages = {61– 81},
  date = {2016},
  language = {en},
  journal = {Proc. J. Syst. Softw}
}
@article{ansari2016a,
  citation-number = {22.},
  author = {Ansari, A. and Khan, A. and Khan, A. and Mukadam, K.},
  title = {Optimized regression test using test case prioritization},
  volume = {79},
  pages = {152–160},
  date = {2016},
  language = {it},
  journal = {Proc. Comput. Sci}
}
@article{huang2012a,
  citation-number = {23.},
  author = {Huang, Y.-C. and Peng, K.-L. and Huang, C.-Y.},
  title = {A history-based cost-cognizant test case prioritization technique in regression testing},
  volume = {85},
  pages = {626–637},
  date = {2012},
  language = {en},
  journal = {J. Syst. Softw},
  number = {3}
}
@article{hettiarachchi2016a,
  citation-number = {24.},
  author = {Hettiarachchi, C. and Do, H. and Choi, B.},
  title = {Risk-based test case prioritization using a fuzzy expert system},
  volume = {69},
  pages = {1–15},
  date = {2016},
  language = {en},
  journal = {Proc. Inf. Softw. Technol}
}
@article{pedemonte2016a,
  citation-number = {25.},
  author = {Pedemonte, M. and Luna, F. and Alba, E.},
  title = {A systolic genetic search for reducing the execution cost of regression testing},
  volume = {49},
  pages = {1145–1161},
  date = {2016},
  language = {en},
  journal = {Proc. J. Appl. Soft Comput}
}
@article{jiang2015a,
  citation-number = {26.},
  author = {Jiang, B. and Chan, W.K.},
  title = {Input-based adaptive randomized test case prioritization: a local beam search approach},
  volume = {105},
  pages = {91–106},
  date = {2015},
  language = {en},
  journal = {Proc. J. Syst. Softw}
}
@article{huang2015a,
  citation-number = {27.},
  author = {Huang, R. and Chen, J. and Towey, D. and Chan, A.T.S. and Lu, Y.},
  title = {Aggregate-strength interaction test suite prioritization},
  volume = {99},
  pages = {36–51},
  date = {2015},
  language = {en},
  journal = {Proc. J. Syst. Softw}
}
