@article{adrion1982a,
  author = {Adrion, W.R. and Branstad, M.A. and Cherniavsky, J.C.},
  date = {1982},
  title = {Validation, verification, and testing of computer software},
  volume = {14},
  pages = {159–192},
  language = {en},
  journal = {ACM Comput Surv (CSUR},
  number = {2}
}
@thesis{afzal2011a,
  author = {Afzal, W.},
  date = {2011},
  title = {Search-based prediction of software quality: evaluations and comparisons},
  language = {en},
  school = {Blekinge Institute of Technology},
  type = {PhD thesis,}
}
@inproceedings{afzal2010a,
  author = {Afzal, W. and Torkar, R. and Feldt, R. and Wikstrand, G.},
  date = {2010},
  title = {Search-based prediction of fault-slip-through in large software projects},
  pages = {79–88},
  language = {en},
  booktitle = {2010 second international symposium on search based software engineering (SSBSE). IEEE}
}
@techreport{agarwal2008a,
  author = {Agarwal, C.},
  date = {2008},
  title = {Outlier analysis},
  language = {sv},
  institution = {IBM},
  type = {Technical report,}
}
@inproceedings{ahsan2011a,
  author = {Ahsan, S. and Wotawa, F.},
  date = {2011},
  title = {Fault prediction capability of program file’s logical-coupling metrics},
  pages = {257–262},
  language = {en},
  booktitle = {Software measurement, 2011 joint conference of the 21st international workshop on and 6th international conference on software process and product measurement (IWSM-MENSURA}
}
@article{j2013a,
  author = {J, Al Dallal},
  date = {2013},
  title = {Incorporating transitive relations in low-level design-based class cohesion measurement},
  volume = {43},
  pages = {685–704},
  language = {en},
  journal = {Softw Pract Exp},
  number = {6}
}
@inproceedings{alan2009a,
  author = {Alan, O. and Catal, C.},
  date = {2009},
  title = {An outlier detection algorithm based on object-oriented metrics thresholds},
  pages = {567–570},
  language = {en},
  booktitle = {24th international symposium on computer and information sciences, ISCIS’09}
}
@article{e2010a,
  author = {E, Ardil},
  date = {2010},
  title = {A soft computing approach for modeling of severity of faults in software systems},
  volume = {5},
  pages = {74–85},
  language = {en},
  journal = {Int J Phys Sci},
  number = {2}
}
@article{arisholm2004a,
  author = {Arisholm, E.},
  date = {2004},
  title = {Dynamic coupling measurement for object-oriented software},
  volume = {30},
  pages = {491–506},
  language = {en},
  journal = {IEEE Trans Softw Eng},
  number = {8}
}
@article{arisholm2010a,
  author = {Arisholm, E. and Briand, L. and Johannessen, E.B.},
  date = {2010},
  title = {A systematic and comprehensive investigation of methods to build and evaluate fault prediction models},
  volume = {1},
  pages = {2–17},
  language = {en},
  journal = {J Syst Softw}
}
@article{arisholm2010b,
  author = {Arisholm, E. and Briand, L.C. and Johannessen, E.B.},
  date = {2010},
  title = {A systematic and comprehensive investigation of methods to build and evaluate fault prediction models},
  volume = {83},
  pages = {2–17},
  language = {en},
  journal = {J Syst Softw},
  number = {1}
}
@inproceedings{armah2013a,
  author = {Armah, G.K. and Guangchun, L. and Qin, K.},
  date = {2013},
  title = {Multi level data pre processing for software defect prediction},
  publisher = {IEEE Computer Society},
  pages = {170–175},
  language = {en},
  booktitle = {Proceedings of the 6th international conference on information management, innovation management and industrial engineering}
}
@article{bansiya2002a,
  author = {Bansiya, J. and Davis, C.},
  date = {2002},
  title = {A hierarchical model for object-oriented design quality assessment},
  volume = {28},
  pages = {4–17},
  language = {en},
  journal = {IEEE Trans Softw Eng},
  number = {1}
}
@inproceedings{bibi2006a,
  author = {Bibi, S. and Tsoumakas, G. and Stamelos, I. and Vlahvas, I.},
  date = {2006},
  title = {Software defect prediction using regression via classification},
  pages = {330–336},
  language = {en},
  booktitle = {IEEE international conference on computer systems and applications}
}
@inproceedings{binkley1998a,
  author = {Binkley, A. and Schach, S.},
  date = {1998},
  title = {Validation of the coupling dependency metric as a predictor of run-time failures and maintenance measures},
  pages = {452–455},
  language = {en},
  booktitle = {Proceedings of the 20th international conference on software engineering}
}
@inproceedings{bird2009a,
  author = {Bird, C. and Nagappan, N. and Gall, H. and Murphy, B. and Devanbu, P.},
  date = {2009},
  title = {Putting it all together: using socio-technical networks to predict failures},
  publisher = {IEEE Computer Society, Washington},
  pages = {109–119},
  language = {en},
  booktitle = {Proceedings of the 2009 20th international symposium on software reliability engineering, ISSRE ’09}
}
@article{bishnu2012a,
  author = {Bishnu, P.S. and Bhattacherjee, V.},
  date = {2012},
  title = {Software fault prediction using quad tree-based k-means clustering algo- rithm},
  volume = {24},
  pages = {1146–1151},
  language = {en},
  journal = {IEEE Trans Knowl Data Eng},
  number = {6}
}
@incollection{bockhorst2005a,
  author = {Bockhorst, J. and Craven, M.},
  date = {2005},
  title = {Markov networks for detecting overlapping elements in sequence data},
  pages = {193–200},
  language = {en},
  booktitle = {Proceeding of the neural information processing systems}
}
@inproceedings{briand1997a,
  author = {Briand, L. and Devanbu, P. and Melo, W.},
  date = {1997},
  title = {An investigation into coupling measures for C++},
  pages = {412–421},
  language = {en},
  booktitle = {Proceeding of 19th international conference on software engineering}
}
@article{briand1998a,
  author = {Briand, L. and John, W. and Wust, K.J.},
  date = {1998},
  title = {An unified framework for cohesion measurement in object-oriented systems},
  volume = {3},
  pages = {65–117},
  language = {en},
  journal = {Empir Softw Eng J},
  number = {1}
}
@article{briand2001a,
  author = {Briand, L. and Wst, J. and Lounis, H.},
  date = {2001},
  title = {Replicated case studies for investigating quality factors in object-oriented designs},
  volume = {1},
  pages = {11–58},
  language = {en},
  journal = {Empir Softw Eng Int J}
}
@book{bundschuh2008a,
  author = {Bundschuh, M. and Dekkers, C.},
  date = {2008},
  title = {The IT measurement compendium: estimating and benchmarking success with functional size measurement},
  publisher = {Springer},
  language = {en}
}
@misc{bunescu2005a,
  author = {Bunescu, R. and Ruifang, G. and Rohit, J.K. and Marcotte, E.M. and Mooney, R.J. and Ramani, A.K. and Wong, Y.W.},
  date = {2005},
  title = {Comparative experiments on learning information extractors for proteins and their interactions},
  note = {Artif Intell Med (special issue on Summarization and Information Extraction from Medical Documents) 2:139–155},
  language = {en}
}
@article{caglayan2015a,
  author = {Caglayan, B. and Misirli, T.A. and Bener, A. and Miranskyy, A.},
  date = {2015},
  title = {Predicting defective modules in different test phases},
  volume = {23},
  pages = {205–227},
  language = {en},
  journal = {Softw Qual J},
  number = {2}
}
@inproceedings{calikli2013a,
  author = {Calikli, G. and Bener, A.},
  date = {2013},
  title = {An algorithmic approach to missing data problem in modeling human aspects in software development},
  publisher = {ACM},
  pages = {1–10},
  language = {en},
  booktitle = {Proceedings of the 9th international conference on predictive models in software engineering, PROMISE ’13},
  address = {New York}
}
@inproceedings{calikli2009a,
  author = {Calikli, G. and Tosun, A. and Bener, A. and Celik, M.},
  date = {2009},
  title = {The effect of granularity level on software defect prediction},
  pages = {531–536},
  language = {en},
  booktitle = {24th international symposium on computer and information sciences, ISCIS’09}
}
@inproceedings{canfora2013a,
  author = {Canfora, G. and Lucia, A.D. and Penta, M.D. and Oliveto, R. and Panichella, A. and Panichella, S.},
  date = {2013},
  title = {Multi-objective cross-project defect prediction},
  publisher = {IEEE Computer Society, Washington},
  pages = {252–261},
  language = {en},
  booktitle = {Proceedings of the 2013 IEEE sixth international conference on software testing, verification and validation, ICST ’13}
}
@article{catal2011a,
  author = {Catal, C.},
  date = {2011},
  title = {Software fault prediction: a literature review and current trends},
  volume = {38},
  pages = {4636},
  language = {en},
  journal = {Expert Syst Appl J},
  number = {4}
}
@incollection{catal2007a,
  author = {Catal, C. and Diri, B.},
  date = {2007},
  title = {Software fault prediction with object-oriented metrics based artificial immune recog- nition system},
  volume = {4589},
  publisher = {Springer},
  pages = {300–314},
  language = {en},
  series = {of lecture notes in computer science},
  booktitle = {Product-focused software process improvement},
  address = {Berlin}
}
@incollection{catal2008a,
  author = {Catal, C. and Diri, B.},
  date = {2008},
  title = {A fault prediction model with limited fault data to improve test process},
  volume = {5089},
  publisher = {Springer},
  pages = {244–257},
  language = {en},
  booktitle = {Product- focused software process improvement},
  address = {Berlin}
}
@inproceedings{catal2009a,
  author = {Catal, C. and Sevim, U. and Diri, B.},
  date = {2009},
  title = {Software fault prediction of unlabeled program modules},
  volume = {1},
  pages = {1–3},
  language = {en},
  booktitle = {Proceedings of the world congress on engineering}
}
@incollection{challagulla2005a,
  author = {Challagulla, V. and Bastani, F. and Yen, I.-L. and Paul, R.},
  date = {2005},
  title = {Empirical assessment of machine learning based software defect prediction techniques},
  pages = {263–270},
  language = {en},
  booktitle = {10th IEEE international workshop on object-oriented real-time depend- able systems, WORDS’05}
}
@article{chatterjee2012a,
  author = {Chatterjee, S. and Nigam, S. and Singh, J. and Upadhyaya, L.},
  date = {2012},
  title = {Software fault prediction using nonlinear autoregressive with exogenous inputs (narx) network},
  volume = {37},
  pages = {121–129},
  language = {en},
  journal = {Appl Intell},
  number = {1}
}
@inproceedings{chaturvedi2012a,
  author = {Chaturvedi, K. and Singh, V.},
  date = {2012},
  title = {Determining bug severity using machine learning techniques},
  pages = {1–6},
  language = {en},
  booktitle = {CSI sixth international conference on software engineering (CONSEG’12}
}
@misc{chen2017a,
  author = {Chen, J. and Nair, V. and Menzies, T.},
  date = {2017},
  title = {Beyond evolutionary algorithms for search-based software engineering},
  note = {arXiv preprint arXiv:1701.07950},
  arxiv = {1701.07950},
  language = {en}
}
@article{chidamber1998a,
  author = {Chidamber, S. and Darcy, D. and Kemerer, C.},
  date = {1998},
  title = {Managerial use of metrics for object oriented software: an exploratory analysis},
  volume = {24},
  pages = {629–639},
  language = {en},
  journal = {IEEE Trans Softw Eng},
  number = {8}
}
@article{chidamber1994a,
  author = {Chidamber, S. and Kemerer, C.},
  date = {1994},
  title = {A metrics suite for object-oriented design},
  volume = {20},
  pages = {493},
  language = {en},
  journal = {IEEE Trans Softw Eng},
  number = {6}
}
@article{chowdhury2011a,
  author = {Chowdhury, I. and Zulkernine, M.},
  date = {2011},
  title = {Using complexity, coupling, and cohesion metrics as early indicators of vulnerabilities},
  volume = {57},
  pages = {294–313},
  language = {en},
  journal = {J Syst Archit},
  number = {3}
}
@article{couto2014a,
  author = {Couto, C. and Pires, P. and Valente, M.T. and Bigonha, R.S. and Anquetil, N.},
  date = {2014},
  title = {Predicting software defects with causality tests},
  volume = {93},
  pages = {24–41},
  language = {en},
  journal = {J Syst Softw}
}
@inproceedings{cruz2009a,
  author = {Cruz, A.E. and Ochimizu, K.},
  date = {2009},
  title = {Towards logistic regression models for predicting fault-prone code across software projects},
  pages = {460–463},
  language = {en},
  booktitle = {3rd international symposium on empirical software engineering and measurement ESEM’09}
}
@inproceedings{gray2000a,
  author = {Gray, D. and B., D. and Davey, N. and Sun, Y. and Christianson, B.},
  date = {2000},
  title = {The misuse of the nasa metrics data program data sets for automated software defect prediction},
  pages = {71–81},
  language = {en},
  booktitle = {Proceedings of 15th annual conference on evaluation and assessment in software engineering (EASE 2011. IEEE}
}
@article{dallal2010a,
  author = {Dallal, J.A. and Briand, L.C.},
  date = {2010},
  title = {An object-oriented high-level design-based class cohesion metric},
  volume = {52},
  pages = {1346–361},
  language = {en},
  journal = {Inf Softw Technol},
  number = {12}
}
@article{dejaeger2013a,
  author = {Dejaeger, K. and Verbraken, T. and Baesens, B.},
  date = {2013},
  title = {Toward comprehensible software fault prediction models using bayesian network classifiers},
  volume = {39},
  pages = {237–257},
  language = {en},
  journal = {IEEE Trans Softw Eng},
  number = {2}
}
@inproceedings{devine2012a,
  author = {Devine, T. and Goseva-Popstajanova, K. and Krishnan, S. and Lutz, R. and Li, J.},
  date = {2012},
  title = {An empirical study of pre-release software faults in an industrial product line},
  pages = {181–190},
  language = {en},
  booktitle = {2012 IEEE fifth international conference on software testing, verification and validation (ICST}
}
@incollection{drummond2006a,
  author = {Drummond, C. and Holte, R.C.},
  date = {2006},
  title = {Cost curves: an improved method for visualizing classifier performance},
  pages = {95–130},
  language = {en},
  booktitle = {Machine learning}
}
@article{elish2008a,
  author = {Elish, K. and Elish, M.},
  date = {2008},
  title = {Predicting defect-prone software modules using support vector machines},
  volume = {81},
  pages = {649–660},
  language = {en},
  journal = {J Syst Softw},
  number = {5}
}
@article{elish2011a,
  author = {Elish, M.O. and Yafei, A.H.A. and Mulhem, M.A. and Emam, K. and Melo, W.},
  date = {2011},
  title = {Empirical comparison of three metrics suites for fault prediction in packages of object-oriented systems: A case study of eclipse},
  volume = {42},
  publisher = {NRC},
  pages = {852–859},
  language = {en},
  journal = {Technical report: NRC 43609},
  number = {10}
}
@article{erturk2015a,
  author = {Erturk, E. and Sezer, E.A.},
  date = {2015},
  title = {A comparison of some soft computing methods for software fault prediction},
  volume = {42},
  pages = {1872–1879},
  language = {en},
  journal = {Expert Syst Appl},
  number = {4}
}
@article{erturk2016a,
  author = {Erturk, E. and Sezer, E.A.},
  date = {2016},
  title = {Iterative software fault prediction with a hybrid approach},
  volume = {49},
  pages = {1020–1033},
  language = {en},
  journal = {Appl Soft Comput}
}
@article{euyseok2012a,
  author = {Euyseok, H. and Ganesh, J.P. and Dugan, J.B.},
  date = {2012},
  title = {Software fault-proneness prediction using random forest},
  volume = {6},
  pages = {1–6},
  language = {en},
  journal = {Int J Smart Home},
  number = {4}
}
@article{gao2007a,
  author = {Gao, K. and Khoshgoftaar, T.M.},
  date = {2007},
  title = {A comprehensive empirical study of count models for software fault predic- tion},
  volume = {50},
  pages = {223–237},
  language = {en},
  journal = {IEEE Trans Softw Eng},
  number = {2}
}
@article{gao2012a,
  author = {Gao, K. and Khoshgoftaar, T.M. and Seliya, N.},
  date = {2012},
  title = {Predicting high-risk program modules by selecting the right software measurements},
  volume = {20},
  pages = {3–42},
  language = {en},
  journal = {Softw Qual J},
  number = {1}
}
@article{glasberg1999a,
  author = {Glasberg, D. and Emam, K.E. and Melo, W. and Madhavji, N. and Graves, T. and Karr, A. and Marron, J. and Siy, H.},
  date = {1999},
  title = {Validating object-oriented design metrics on a commercial java application},
  publisher = {National Research Council Canada, Institute for Information Technology},
  pages = {99–106},
  volume = {26},
  language = {en},
  journal = {IEEE Trans Softw Eng},
  number = {7}
}
@inproceedings{gray2011a,
  author = {Gray, D. and Bowes, D. and Davey, N. and Sun, Y. and Christianson, B.},
  date = {2011},
  title = {The misuse of the nasa metrics data program data sets for automated software defect prediction},
  pages = {96–103},
  language = {en},
  booktitle = {15th annual conference on evaluation assessment in software engineering (EASE’11}
}
@article{guo2003a,
  author = {Guo, L. and Cukic, B. and Singh, H. and Gupta, K. and Kang, S.},
  date = {2003},
  title = {Predicting fault prone modules by the dempster–shafer belief networks},
  pages = {249–252},
  volume = {3},
  language = {en},
  journal = {Proceedings of 18th IEEE international conference on automated software engineering},
  number = {6}
}
@article{gyimothy2005a,
  author = {Gyimothy, T. and Ferenc, R. and Siket},
  date = {2005},
  title = {Empirical validation of object-oriented metrics on open source software for fault prediction},
  volume = {31},
  pages = {897–910},
  language = {en},
  journal = {IEEE Trans Softw Eng},
  number = {10}
}
@article{hall2012a,
  author = {Hall, T. and Beecham, S. and Bowes, D. and Gray, D. and Counsell, S.},
  date = {2012},
  title = {A systematic review of fault prediction performance in software engineering},
  volume = {38},
  pages = {1276–1304},
  language = {en},
  journal = {IEEE Trans Softw Eng},
  number = {6}
}
@book{halstead1977a,
  author = {Halstead, M.H.},
  date = {1977},
  title = {Elements of software science (operating and programming systems series},
  publisher = {Elsevier Science Inc},
  language = {en},
  address = {New York}
}
@article{harrison1998a,
  author = {Harrison, R. and Counsel, J.S.},
  date = {1998},
  title = {An evaluation of the mood set of object-oriented software metrics},
  volume = {24},
  pages = {491–496},
  language = {en},
  journal = {IEEE Trans Softw Eng},
  number = {6}
}
@inproceedings{hassan2009a,
  author = {Hassan, A.E.},
  date = {2009},
  title = {Predicting faults using the complexity of code changes},
  publisher = {IEEE Computer Society},
  pages = {78–88},
  language = {en},
  booktitle = {Proceedings of the 31st inter- national conference on software engineering}
}
@inproceedings{herbold2013a,
  author = {Herbold, S.},
  date = {2013},
  title = {Training data selection for cross-project defect prediction},
  note = {PROMISE ’13},
  language = {en},
  booktitle = {The 9th international conference on predictive models in software engineering}
}
@inproceedings{huihua2011a,
  author = {Huihua, L. and Bojan, C. and Culp, M.},
  date = {2011},
  title = {An iterative semi-supervised approach to software fault prediction},
  pages = {1–15},
  language = {en},
  booktitle = {Proceedings of the 7th international conference on predictive models in software engineering, PROMISE ’11}
}
@incollection{ihara2012a,
  author = {Ihara, A. and Kamei, Y. and Monden, A. and Ohira, M. and Keung, J.W. and Ubayashi, N. and Matsumoto, K.I.},
  date = {2012},
  title = {An investigation on software bug-fix prediction for open source software projects—a case study on the eclipse project},
  pages = {112–119},
  language = {en},
  booktitle = {APSEC workshops. IEEE}
}
@article{janes2006a,
  author = {Janes, A. and Scotto, M. and Pedrycz, W. and Russo, B. and Stefanovic, M. and Succi, G.},
  date = {2006},
  title = {Identification of defect-prone classes in telecommunication software systems using design metrics},
  volume = {176},
  pages = {3711–3734},
  language = {en},
  journal = {Inf Sci J},
  number = {24}
}
@article{jiang2008a,
  author = {Jiang, Y. and Cukic, B. and Yan, M.},
  date = {2008},
  title = {Techniques for evaluating fault prediction models},
  volume = {13},
  pages = {561–595},
  language = {en},
  journal = {Empir Softw Eng J},
  number = {5}
}
@inproceedings{jianhong2010a,
  author = {Jianhong, Z. and Sandhu, P. and Rani, S.},
  date = {2010},
  title = {A neural network based approach for modeling of severity of defects in function based software systems},
  volume = {2},
  pages = {2–568– 2–575},
  language = {en},
  booktitle = {International conference on electronics and information engineering (ICEIE’10}
}
@article{am1988a,
  author = {AM, Jr, Johnson and M, Malek},
  date = {1988},
  title = {Survey of software tools for evaluating reliability, availability, and service- ability},
  volume = {20},
  pages = {227–269},
  language = {en},
  journal = {ACM Comput Surv (CSUR},
  number = {4}
}
@inproceedings{jureczko2011a,
  author = {Jureczko, M. and Kamei, Y. and Sato, H. and Monden, A. and Kawaguchi, S. and Uwano, H. and Nagura, M. and Matsumoto, K.-I. and Ubayashi, N.},
  date = {2011},
  title = {Significance of different software metrics in defect prediction. Softw Eng Int J 1(1):86–95},
  pages = {55–61},
  language = {en},
  booktitle = {Software measurement, 2011 joint conference of the 21st international workshop on and 6th international conference on software process and product measurement (IWSM-MENSURA}
}
@inproceedings{kamei2016a,
  author = {Kamei, Y. and Shihab, E.},
  date = {2016},
  title = {Defect prediction: accomplishments and future challenges},
  volume = {5},
  pages = {33–45},
  language = {en},
  booktitle = {Proceeding of 23rd international conference on software analysis, evolution, and reengineering}
}
@article{kanmani2007a,
  author = {Kanmani, S. and Uthariaraj, V. and Sankaranarayanan, V. and Thambidurai, P.},
  date = {2007},
  title = {Object-oriented software fault prediction using neural networks},
  volume = {49},
  pages = {483–492},
  language = {en},
  journal = {J Inf Softw Technol},
  number = {5}
}
@article{kehan2011a,
  author = {Kehan, G. and Khoshgoftaar, T.M. and Wang, H. and Seliya, N.},
  date = {2011},
  title = {Choosing software metrics for defect prediction: an investigation on feature selection techniques},
  volume = {41},
  pages = {579–606},
  language = {en},
  journal = {Softw Pract Exp},
  number = {5}
}
@inproceedings{khoshgoftaar2010a,
  author = {Khoshgoftaar, T. and Gao, K. and Seliya, N.},
  date = {2010},
  title = {Attribute selection and imbalanced data: problems in software defect prediction},
  volume = {1},
  pages = {137–144},
  language = {en},
  booktitle = {2010 22nd IEEE international conference on, tools with artificial intelligence (ICTAI}
}
@inproceedings{kim2011a,
  author = {Kim, S. and Zhang, H. and Wu, R. and Gong, L.},
  date = {2011},
  title = {Dealing with noise in defect prediction},
  publisher = {ACM},
  language = {en},
  booktitle = {Proceedings of the 2011 IEEE and ACM international conference on software engineering, ICSE ’11},
  address = {USA}
}
@article{kitchenham2010a,
  author = {Kitchenham, B.},
  date = {2010},
  title = {What’s up with software metrics? A preliminary mapping study},
  volume = {83},
  pages = {37–51},
  language = {en},
  journal = {J Syst Softw},
  number = {1}
}
@inproceedings{koru2005a,
  author = {Koru, A.G. and Hongfang, L.},
  date = {2005},
  title = {An investigation of the effect of module size on defect prediction using static measures},
  pages = {1–5},
  language = {en},
  booktitle = {Proceedings of the 2005 workshop on predictor models in software engineering, PROMISE ’05}
}
@inproceedings{kpodjedo2009a,
  author = {Kpodjedo, S. and Ricca, F. and Antoniol, G. and Galinier, P. and Krishnan, S. and Strasburg, C. and Lutz, R.R. and Govseva-Popstojanova, K.},
  date = {2009},
  title = {Evolution and search based metrics to improve defects prediction},
  pages = {23–32},
  publisher = {ACM},
  language = {en},
  booktitle = {2009 1st international symposium on, search based software engineering},
  address = {New York}
}
@article{kubat1998a,
  author = {Kubat, M. and Holte, R.C. and Matwin, S.},
  date = {1998},
  title = {Machine learning for the detection of oil spills in satellite radar images},
  volume = {30},
  pages = {195–215},
  language = {en},
  journal = {Mach Learn J},
  number = {2–3}
}
@inproceedings{lamkanfi2011a,
  author = {Lamkanfi, A. and Demeyer, S. and Soetens, Q. and Verdonck, T.},
  date = {2011},
  title = {Comparing mining algorithms for predicting the severity of a reported bug},
  pages = {249–258},
  language = {en},
  booktitle = {2011 15th European conference on software maintenance and reengineering (CSMR}
}
@article{lessmann2008a,
  author = {Lessmann, S. and Baesens, B. and Mues, C. and Pietsch, S.},
  date = {2008},
  title = {Benchmarking classification models for software defect prediction: a proposed framework and novel findings},
  volume = {34},
  pages = {485–496},
  language = {en},
  journal = {IEEE Trans Softw Eng},
  number = {4}
}
@inproceedings{lewis1994a,
  author = {Lewis, D. and Gale, W.A.},
  date = {1994},
  title = {A sequential algorithm for training text classifiers},
  publisher = {Springer},
  pages = {3–12},
  language = {en},
  booktitle = {Proceedings of the 17th annual international ACM SIGIR conference on research and development in information retrieval, SIGIR ’94},
  address = {New York, NY, USA}
}
@article{li2012a,
  author = {Li, M. and Zhang, H. and Wu, R. and Zhou, Z.},
  date = {2012},
  title = {Sample-based software defect prediction with active and semi-supervised learning},
  volume = {19},
  pages = {201–230},
  language = {en},
  journal = {Autom Softw Eng},
  number = {2}
}
@article{li1993a,
  author = {Li, W. and Henry, S.},
  date = {1993},
  title = {Object-oriented metrics that predict maintainability},
  volume = {23},
  pages = {111–122},
  language = {en},
  journal = {J Syst Softw},
  number = {2}
}
@article{li1996a,
  author = {Li, W. and Henry, W.},
  date = {1996},
  title = {A validation of object-oriented design metrics as quality indicators},
  volume = {22},
  pages = {751–761},
  language = {en},
  journal = {IEEE Trans Softw Eng},
  number = {10}
}
@inproceedings{li2007a,
  author = {Li, Z. and Reformat, M.},
  date = {2007},
  title = {A practical method for the software fault-prediction},
  language = {en},
  booktitle = {IEEE international conference}
}
@article{liguo2012a,
  title = {on information reuse and integration},
  pages = {659–666},
  author = {Liguo, Y.},
  date = {2012},
  volume = {4},
  language = {en},
  journal = {IRI’07. IEEE Systems, Man, and Cybernetics Society},
  number = {8}
}
@book{lorenz1994a,
  author = {Lorenz, M. and Kidd, J.},
  date = {1994},
  title = {Object-oriented software metrics},
  publisher = {Prentice Hall},
  language = {en},
  address = {Englewood Cliffs}
}
@incollection{lu2012a,
  author = {Lu, H. and Cukic, B.},
  date = {2012},
  title = {An adaptive approach with active learning in software fault prediction},
  pages = {79–88},
  language = {en},
  booktitle = {PROMISE. ACM}
}
@inproceedings{lu2012b,
  author = {Lu, H. and Cukic, B. and Culp, M.},
  date = {2012},
  title = {Software defect prediction using semi-supervised learning with dimension reduction},
  publisher = {ASE},
  pages = {314–317},
  language = {en},
  booktitle = {2011 26th IEEE and ACM international conference on automated software engineering}
}
@article{ma2012a,
  author = {Ma, Y. and Luo, G. and Zeng, X. and Chen, A.},
  date = {2012},
  title = {Transfer learning for cross-company software defect prediction},
  volume = {54},
  pages = {248–256},
  language = {en},
  journal = {Inf Softw Technol J},
  number = {3}
}
@article{ma2014a,
  author = {Ma, Y. and Zhu, S. and Qin, K. and Luo, G.},
  date = {2014},
  title = {Combining the requirement information for software defect estimation in design time},
  volume = {114},
  pages = {469–474},
  language = {en},
  journal = {Inf Process Lett},
  number = {9}
}
@article{madeyski2015a,
  author = {Madeyski, L. and Jureczko, M.},
  date = {2015},
  title = {Which process metrics can significantly improve defect prediction models? an empirical study},
  volume = {23},
  pages = {393–422},
  language = {en},
  journal = {Softw Qual J},
  number = {3}
}
@article{malhotra2012a,
  author = {Malhotra, R. and Jain, A.},
  date = {2012},
  title = {Fault prediction using statistical and machine learning methods for improving software quality},
  volume = {8},
  pages = {241–262},
  language = {en},
  journal = {J Inf Process Syst},
  number = {2}
}
@incollection{marchesi1998a,
  author = {Marchesi, M.},
  date = {1998},
  title = {OOA metrics for the unified modeling language},
  pages = {67–73},
  language = {en},
  booktitle = {Proceeding of 2nd Euromicro con- ference on Softwar eMaintenance and reengineering}
}
@article{martin1995a,
  author = {Martin, R.},
  date = {1995},
  title = {OO design quality metrics—an analysis of dependencies},
  volume = {2},
  pages = {151–170},
  language = {en},
  journal = {Road},
  number = {3}
}
@incollection{matsumoto2010a,
  author = {Matsumoto, S. and Kamei, Y. and Monden, A. and Matsumoto, K. and Nakamura, M.},
  date = {2010},
  title = {An analysis of developer metrics for fault prediction},
  pages = {18},
  language = {en},
  booktitle = {PROMISE}
}
@article{j1976a,
  author = {J, McCabe T.},
  date = {1976},
  title = {A complexity measure},
  volume = {SE–2(4):308–320},
  language = {en},
  journal = {IEEE Trans Softw Eng}
}
@article{mendes-moreira2012a,
  author = {Mendes-Moreira, J. and Soares, C. and Jorge, A.M. and Sousa, J.F.D.},
  date = {2012},
  title = {Ensemble approaches for regression: a survey},
  volume = {45},
  language = {it},
  journal = {ACM Comput Surv (CSUR},
  number = {1}
}
@inproceedings{menzies2011a,
  author = {Menzies, T. and Butcher, A. and Marcus, A. and Zimmermann, T. and Cok, D.},
  date = {2011},
  title = {Local vs. global models for effort estimation and defect prediction},
  publisher = {IEEE Computer Society, Washington},
  pages = {343–351},
  language = {en},
  booktitle = {Proceedings of the 2011 26th IEEE/ACM international conference on automated software engineering, ASE ’11}
}
@inproceedings{menzies2004a,
  author = {Menzies, T. and DiStefano, J. and Orrego, A. and Chapman, R.},
  date = {2004},
  title = {Assessing predictors of software defects},
  language = {en},
  booktitle = {Proceedings of workshop predictive software models}
}
@article{menzies2007a,
  author = {Menzies, T. and Greenwald, J. and Frank, A.},
  date = {2007},
  title = {Data mining static code attributes to learn defect predictors},
  volume = {33},
  pages = {2–13},
  language = {en},
  journal = {IEEE Trans Softw Eng},
  number = {1}
}
@article{menzies2010a,
  author = {Menzies, T. and Milton, Z. and Burak, T. and Cukic, B. and Jiang, Y. and Bener},
  date = {2010},
  title = {Defect prediction from static code features: current results, limitations, new approaches},
  volume = {17},
  pages = {375–407},
  language = {en},
  journal = {Autom Softw Eng},
  number = {4}
}
@inproceedings{menzies2003a,
  author = {Menzies, T. and Stefano, J. and Ammar, K. and McGill, K. and Callis, P. and Davis, J. and Chapman, R.},
  date = {2003},
  title = {When can we test less?},
  pages = {98–110},
  language = {en},
  booktitle = {Proceedings of 9th international software metrics symposium}
}
@inproceedings{menzies2008a,
  author = {Menzies, T. and Turhan, B. and Bener, A. and Gay, G. and Cukic, B. and Jiang, Y.},
  date = {2008},
  title = {Implications of ceiling effects in defect predictors},
  publisher = {ACM},
  pages = {47–54},
  language = {en},
  booktitle = {Proceedings of the 4th international workshop on predictor models in software engineering, PROMISE ’08},
  address = {New York}
}
@article{mitchell2006a,
  author = {Mitchell, A. and Power, J.F.},
  date = {2006},
  title = {A study of the influence of coverage on the relationship between static and dynamic coupling metrics},
  volume = {59},
  pages = {4–25},
  language = {en},
  journal = {Sci Comput Program},
  number = {1–2}
}
@inproceedings{mizuno2010a,
  author = {Mizuno, O. and Hata, H.},
  date = {2010},
  title = {An empirical comparison of fault-prone module detection approaches: complexity metrics and text feature metrics},
  pages = {248–249},
  language = {en},
  booktitle = {2013 IEEE 37th annual computer software and applications conference}
}
@article{moreno-torres2012a,
  author = {Moreno-Torres, J.G. and Raeder, T. and Alaiz-Rodrguez, R. and Chawla, N.V. and Herrera, F.},
  date = {2012},
  title = {A unifying view on dataset shift in classification},
  volume = {45},
  pages = {521–530},
  language = {en},
  journal = {Pattern Recogn},
  number = {1}
}
@inproceedings{moser2008a,
  author = {Moser, R. and Pedrycz, W. and Succi, G.},
  date = {2008},
  title = {A comparative analysis of the efficiency of change metrics and static code attributes for defect prediction},
  pages = {181–190},
  language = {en},
  booktitle = {ICSE ’08. ACM/IEEE 30th international conference on software engineering}
}
@inproceedings{nachiappan2010a,
  author = {Nachiappan, N. and Zeller, A. and Zimmermann, T. and Herzig, K. and Murphy, B.},
  date = {2010},
  title = {Change bursts as defect predictors},
  publisher = {IEEE Computer Society},
  pages = {309–318},
  language = {en},
  booktitle = {Proceedings of the 2010 IEEE 21st international symposium on software reliability engineering, ISSRE ’10}
}
@inproceedings{nagappan2005a,
  author = {Nagappan, N. and Ball, T.},
  date = {2005},
  title = {Use of relative code churn measures to predict system defect density},
  publisher = {ACM},
  pages = {284–292},
  language = {en},
  booktitle = {Proceedings of the 27th international conference on software engineering, ICSE ’05},
  address = {New York}
}
@inproceedings{nagappan2006a,
  author = {Nagappan, N. and Ball, T. and Zeller, A. and Nguyen, T.H.D. and Adams, B. and Hassan, A.E.},
  date = {2006},
  title = {Mining metrics to predict component failures},
  pages = {452–461},
  publisher = {IEEE Computer Society, Washington},
  language = {en},
  booktitle = {Proceedings of the 28th international conference on software engineering, ICSE ’06. ACM},
  address = {New York}
}
@article{p2006a,
  author = {P, Nikora A. and C, Munson J. and Nugroho, A. and Chaudron, M.R.V. and Arisholm, E.},
  date = {2006},
  title = {Building high-quality software fault predictors},
  volume = {36},
  pages = {21–30},
  language = {en},
  journal = {2010 7th IEEE working conference on mining software repositories (MSR},
  number = {9}
}
@article{ohlsson1998a,
  author = {Ohlsson, N. and Zhao, M. and Helander, M.},
  date = {1998},
  title = {Application of multivariate analysis for software fault prediction},
  volume = {7},
  pages = {51–66},
  language = {en},
  journal = {Softw Qual J},
  number = {1}
}
@article{olague2007a,
  author = {Olague, H.M. and Etzkorn, H. and Gholston, L. and Quattlebaum, S.},
  date = {2007},
  title = {Empirical validation of three software metrics suites to predict fault-proneness of object-oriented classes developed using highly iterative or agile software development processes},
  volume = {6},
  pages = {402–419},
  language = {en},
  journal = {IEEE Trans Softw Eng}
}
@book{olson2008a,
  author = {Olson, D.},
  date = {2008},
  title = {Advanced data mining techniques},
  publisher = {Springer},
  language = {fr},
  address = {Berlin}
}
@inproceedings{ostrand2004a,
  author = {Ostrand, T.J. and Weyuker, E.J. and Bell, R.M.},
  date = {2004},
  title = {Where the bugs are},
  pages = {86–96},
  language = {en},
  booktitle = {Proceedings of 2004 international symposium on software testing and analysis}
}
@article{ostrand2005a,
  author = {Ostrand, T.J. and Weyuker, E.J. and Bell, R.M.},
  date = {2005},
  title = {Predicting the location and number of faults in large software systems},
  volume = {31},
  pages = {340–355},
  language = {en},
  journal = {IEEE Trans Softw Eng},
  number = {4}
}
@inproceedings{ostrand2006a,
  author = {Ostrand, T.J. and Weyuker, E.J. and Bell, R.M.},
  date = {2006},
  title = {Looking for bugs in all the right places},
  pages = {61–72},
  language = {en},
  booktitle = {Proceedings of 2006 international symposium on software testing and analysis, Portland}
}
@inproceedings{ostrand2010a,
  author = {Ostrand, T.J. and Weyuker, E.J. and Bell, R.M.},
  date = {2010},
  title = {Programmer-based fault prediction},
  publisher = {ACM},
  pages = {19–29},
  language = {en},
  booktitle = {Proceedings of the 6th international conference on predictive models in software engineering, PROMISE ’10},
  address = {New York}
}
@article{pandey2010a,
  author = {Pandey, A.K. and Goyal, N.K.},
  date = {2010},
  title = {Predicting fault-prone software module using data mining technique and fuzzy logic},
  volume = {2},
  pages = {56–63},
  language = {fr},
  journal = {Int J Comput Commun Technol},
  number = {3}
}
@inproceedings{panichella2014a,
  author = {Panichella, A. and Oliveto, R. and Lucia, A.D.},
  date = {2014},
  title = {Cross-project defect prediction models: L’union fait la force},
  pages = {164–173},
  language = {en},
  booktitle = {2014 software evolution week—IEEE conference on software maintenance, reengineering and reverse engineering (CSMR-WCRE}
}
@article{park2014a,
  author = {Park, M. and Hong, E.},
  date = {2014},
  title = {Software fault prediction model using clustering algorithms determining the number of clusters automatically},
  volume = {8},
  pages = {199–204},
  language = {en},
  journal = {Int J Softw Eng Appl},
  number = {7}
}
@article{peng2015a,
  author = {Peng, H. and Li, B. and Liu, X. and Chen, J. and Ma, Y.},
  date = {2015},
  title = {An empirical study on software defect prediction with a simplified metric set},
  volume = {59},
  pages = {170–190},
  language = {en},
  journal = {Inf Softw Technol}
}
@incollection{peters2013a,
  author = {Peters, F. and Menzies, T. and Marcus, A.},
  date = {2013},
  title = {Better cross company defect prediction},
  pages = {409–418},
  language = {en},
  booktitle = {10th IEEE working con- ference on mining software repositories (MSR’13}
}
@inproceedings{premraj2011a,
  author = {Premraj, R. and Herzig, K.},
  date = {2011},
  title = {Network versus code metrics to predict defects: a replication study},
  pages = {215–224},
  language = {en},
  booktitle = {2011 international symposium on empirical software engineering and measurement (ESEM}
}
@article{radjenovic2013a,
  author = {Radjenovic, D. and Hericko, M. and Torkar, R. and Zivkovic, A.},
  date = {2013},
  title = {Software fault prediction metrics: a systematic literature review},
  volume = {55},
  pages = {1397–1418},
  language = {en},
  journal = {Inf Softw Technol},
  number = {8}
}
@inproceedings{rahman2013a,
  author = {Rahman, F. and Devanbu, P.},
  date = {2013},
  title = {How, and why, process metrics are better},
  publisher = {IEEE Press, Piscataway},
  pages = {432–441},
  language = {en},
  booktitle = {Proceedings of the 2013 international conference on software engineering, ICSE ’13}
}
@inproceedings{ramler2013a,
  author = {Ramler, R. and Himmelbauer, J.},
  date = {2013},
  title = {Noise in bug report data and the impact on defect prediction results},
  pages = {173– 180},
  language = {en},
  booktitle = {2013 joint conference of the 23rd international workshop on software measurement and the 2013 eighth international conference on software process and product measurement (IWSM-MENSURA}
}
@inproceedings{rana2009a,
  author = {Rana, Z. and Shamail, S. and Awais, M. and Rathore, S. and Gupta, A. and Rathore, S. and Gupta, A.},
  date = {2009},
  title = {Ineffectiveness of use of software science metrics as predictors of defects in object oriented software},
  volume = {4},
  pages = {3–7},
  language = {en},
  booktitle = {WRI world congress on software engineering WCSE ’09}
}
@inproceedings{rathore2015a,
  author = {Rathore, S.S. and Kumar, S.},
  date = {2015},
  title = {Comparative analysis of neural network and genetic programming for number of software faults prediction},
  pages = {328–332},
  language = {en},
  booktitle = {Recent advances in electronics & computer engineering (RAECE), 2015 national conference on. IEEE}
}
@article{rathore2015b,
  author = {Rathore, S.S. and Kumar, S.},
  date = {2015},
  title = {Predicting number of faults in software system using genetic programming},
  volume = {62},
  pages = {303–311},
  language = {en},
  journal = {Proced Comput Sci}
}
@article{rathore2016a,
  author = {Rathore, S.S. and Kumar, S.},
  date = {2016},
  title = {A decision tree logic based recommendation system to select software fault prediction techniques},
  volume = {99},
  pages = {1–31},
  language = {en},
  journal = {Computing},
  number = {3}
}
@article{rathore2016b,
  author = {Rathore, S.S. and Kumar, S.},
  date = {2016},
  title = {A decision tree regression based approach for the number of software faults prediction},
  volume = {41},
  pages = {1–6},
  language = {en},
  journal = {SIGSOFT Softw Eng Notes},
  number = {1}
}
@article{rathore2016c,
  author = {Rathore, S.S. and Kumar, S.},
  date = {2016},
  title = {An empirical study of some software fault prediction techniques for the number of faults prediction},
  pages = {1–18},
  doi = {10.1007/s00500-016-2284-x},
  language = {en},
  journal = {Soft Comput}
}
@article{rathore2017a,
  author = {Rathore, S.S. and Kumar, S.},
  date = {2017},
  title = {Linear and non-linear heterogeneous ensemble methods to predict the number of faults in software systems},
  volume = {119},
  pages = {232–256},
  language = {en},
  journal = {Knowl Based Syst}
}
@incollection{rodriguez2012a,
  author = {Rodriguez, D. and Herraiz, I. and Harrison, R.},
  date = {2012},
  title = {On software engineering repositories and their open problems},
  pages = {52–56},
  language = {en},
  booktitle = {2012 first international workshop on realizing artificial intelligence synergies in software engineering}
}
@inproceedings{rodriguez2007a,
  author = {Rodriguez, D. and Ruiz, R. and Cuadrado-Gallego, J. and Aguilar-Ruiz, J. and Garre, M.},
  date = {2007},
  title = {Attribute selection in software engineering datasets for detecting fault modules},
  pages = {418–423},
  language = {en},
  booktitle = {Proceedings of the 33rd EUROMICRO conference on software engineering and advanced applications, EUROMICRO ’07}
}
@inproceedings{rosenberg1997a,
  author = {Rosenberg, J.},
  date = {1997},
  title = {Some misconceptions about lines of code},
  publisher = {IEEE Computer Society},
  language = {en},
  booktitle = {Proceedings of the 4th international sym- posium on software metrics, METRICS ’97},
  address = {Washington}
}
@inproceedings{sandhu2011a,
  author = {Sandhu, P.S. and Singh, S. and Budhija, N.},
  date = {2011},
  title = {Prediction of level of severity of faults in software systems using density based clustering},
  language = {en},
  booktitle = {Proceedings of the 9th international conference on software and computer applications, IACSIT Press’11}
}
@article{satria2014a,
  author = {Satria, W.R. and Suryana, H.N.},
  date = {2014},
  title = {Genetic feature selection for software defect prediction},
  volume = {20},
  pages = {239–244},
  language = {en},
  journal = {Adv Sci Lett},
  number = {1}
}
@article{seiffert2009a,
  author = {Seiffert, C. and Khoshgoftaar, T. and Van Hulse, J.},
  date = {2009},
  title = {Improving software-quality predictions with data sampling and boosting},
  volume = {39},
  pages = {1283–1294},
  language = {en},
  journal = {IEEE Trans Syst Man Cybern Part A Syst Hum},
  number = {6}
}
@inproceedings{seiffert2008a,
  author = {Seiffert, C. and Khoshgoftaar, T.M. and Hulse, J.V. and Napolitano, A.},
  date = {2008},
  title = {Building useful models from imbalanced data with sampling and boosting},
  publisher = {AAAI Organization},
  language = {en},
  booktitle = {Proceedings of the 21st international FLAIRS conference, FLAIRS’08}
}
@article{seliya2007a,
  author = {Seliya, N. and Khoshgoftaar, T.M.},
  date = {2007},
  title = {Software quality estimation with limited fault data: a semi-supervised learning perspective},
  volume = {15},
  pages = {327–344},
  language = {en},
  journal = {Softw Qual J}
}
@inproceedings{selvarani2009a,
  author = {Selvarani, R. and Nair, T.R.G. and Prasad, V.K.},
  date = {2009},
  title = {Estimation of defect proneness using design complexity mea- surements in object-oriented software},
  publisher = {IEEE Computer Society, Washington},
  pages = {766–770},
  language = {en},
  booktitle = {Proceedings of the 2009 international conference on signal processing systems, ICSPS ’09}
}
@article{shanthi2011a,
  author = {Shanthi, P.M. and Duraiswamy, K.},
  date = {2011},
  title = {An empirical validation of software quality metric suites on open source software for fault-proneness prediction in object oriented systems},
  volume = {51},
  pages = {168–181},
  language = {en},
  journal = {Eur J Sci},
  number = {2}
}
@inproceedings{shatnawi2012a,
  author = {Shatnawi, R.},
  date = {2012},
  title = {Improving software fault-prediction for imbalanced data},
  pages = {54–59},
  language = {en},
  booktitle = {2012 international conference on innovations in information technology (IIT}
}
@article{shatnawi2014a,
  author = {Shatnawi, R.},
  date = {2014},
  title = {Empirical study of fault prediction for open-source systems using the chidamber and kemerer metrics},
  volume = {8},
  pages = {113–119},
  language = {en},
  journal = {Softw IET},
  number = {3}
}
@article{shatnawi2008a,
  author = {Shatnawi, R. and Li, W.},
  date = {2008},
  title = {The effectiveness of software metrics in identifying error-prone classes in post-release software evolution process},
  volume = {11},
  pages = {1868–1882},
  language = {en},
  journal = {J Syst Softw}
}
@inproceedings{shatnawi2006a,
  author = {Shatnawi, R. and Li, W. and Zhang, H.},
  date = {2006},
  title = {Predicting error probability in the eclipse project},
  pages = {422–428},
  language = {en},
  booktitle = {Proceedings of the international conference on software engineering research and practice}
}
@article{shepperd2013a,
  author = {Shepperd, M. and Qinbao, S. and Zhongbin, S. and Mair, C.},
  date = {2013},
  title = {Data quality: some comments on the nasa software defect datasets},
  volume = {39},
  pages = {1208–1215},
  language = {en},
  journal = {IEEE Trans Softw Eng},
  number = {9}
}
@inproceedings{shin2009a,
  author = {Shin, Y. and Bell, R. and Ostrand, T. and Weyuker, E.},
  date = {2009},
  title = {Does calling structure information improve the accuracy of fault prediction?},
  pages = {61–70},
  language = {en},
  booktitle = {6th IEEE international working conference on mining software repositories, MSR ’09}
}
@article{shin2011a,
  author = {Shin, Y. and Meneely, A. and Williams, L. and Osborne, J.A.},
  date = {2011},
  title = {Evaluating complexity, code churn, and developer activity metrics as indicators of software vulnerabilities},
  volume = {37},
  pages = {772–787},
  language = {en},
  journal = {IEEE Trans Softw Eng},
  number = {6}
}
@article{shin2013a,
  author = {Shin, Y. and Williams, L.},
  date = {2013},
  title = {Can traditional fault prediction models be used for vulnerability prediction?},
  volume = {18},
  pages = {25–59},
  language = {en},
  journal = {Empir Softw Eng J},
  number = {1}
}
@inproceedings{shivaji2009a,
  author = {Shivaji, Jr, S. and Akella, J.W.E. and R., Kim and S.},
  date = {2009},
  title = {Reducing features to improve bug prediction},
  publisher = {IEEE Computer Society, Washington},
  pages = {600–604},
  language = {en},
  booktitle = {Proceedings of the 2009 IEEE and ACM international conference on automated software engineering, ASE ’09}
}
@inproceedings{singh2012a,
  author = {Singh, P. and Verma, S.},
  date = {2012},
  title = {Empirical investigation of fault prediction capability of object oriented metrics of open source software},
  pages = {323–327},
  language = {en},
  booktitle = {2012 international joint conference on computer science and software engineering}
}
@inproceedings{stuckman2013a,
  author = {Stuckman, J. and Wills, K. and Purtilo, J.},
  date = {2013},
  title = {Evaluating software product metrics with synthetic defect data},
  volume = {1},
  language = {en},
  booktitle = {2013 ACM and IEEE international symposium on empirical software engineering and measurement}
}
@article{sun2012a,
  author = {Sun, Z. and Song, Q. and Zhu, X.},
  date = {2012},
  title = {Using coding-based ensemble learning to improve software defect prediction},
  volume = {42},
  pages = {1806–1817},
  language = {en},
  journal = {IEEE Trans Syst Man Cybern Part C Appl Rev},
  number = {6}
}
@incollection{swapna1997a,
  author = {Swapna, S. and Gokhale, Michael and R.L.},
  date = {1997},
  title = {Regression tree modeling for the prediction of software quality},
  pages = {31–36},
  language = {en},
  booktitle = {Proceeding of ISSAT’97}
}
@inproceedings{szabo1995a,
  author = {Szabo, R. and Khoshgoftaar, T.},
  date = {1995},
  title = {An assessment of software quality in a c++ environment},
  pages = {240–249},
  language = {en},
  booktitle = {Proceedings sixth international symposium on software reliability engineering}
}
@inproceedings{tahir2012a,
  author = {Tahir, A. and MacDonell, S.G.},
  date = {2012},
  title = {A systematic mapping study on dynamic metrics and software quality},
  pages = {326–335},
  language = {en},
  booktitle = {28th IEEE international conference on software maintenance (ICSM}
}
@inproceedings{tang1999a,
  author = {Tang, M. and Kao, M.H. and Chen, M.H.},
  date = {1999},
  title = {An empirical study on object oriented metrics},
  pages = {242–249},
  language = {en},
  booktitle = {Proceedings of the international symposium on software metrics}
}
@inproceedings{tang2004a,
  author = {Tang, W. and Khoshgoftaar, T.M.},
  date = {2004},
  title = {Noise identification with the k-means algorithm},
  publisher = {IEEE Computer Society, Washington},
  pages = {373–378},
  language = {en},
  booktitle = {Proceedings of the 16th IEEE international conference on tools with artificial intelligence, ICTAI ’04}
}
@inproceedings{tomaszewski2006a,
  author = {Tomaszewski, P. and Hakansson, J. and Lundberg, L. and Grahn, H.},
  date = {2006},
  title = {The accuracy of fault prediction in modified code— statistical model vs. expert estimation},
  pages = {343–353},
  language = {en},
  booktitle = {13th annual IEEE international symposium and workshop on engineering of computer based systems, 2006. ECBS 2006}
}
@article{tosun2010a,
  author = {Tosun, A. and Bener, A. and Turhan, B. and Menzies, T.},
  date = {2010},
  title = {Practical considerations in deploying statistical methods for defect prediction: a case study within the turkish telecommunications industry},
  volume = {52},
  note = {Special Section on Best Papers PROMISE 2009},
  pages = {1242–1257},
  language = {en},
  journal = {Inf Softw Technol},
  number = {11}
}
@article{turhan2009a,
  author = {Turhan, B. and Bener, A.},
  date = {2009},
  title = {Analysis of naive bayes’ assumptions on software fault data: an empirical study},
  volume = {68},
  pages = {278–290},
  language = {en},
  journal = {Data Knowl Eng},
  number = {2}
}
@article{vandecruys2008a,
  author = {Vandecruys, O. and Martens, D. and Baesens, B. and Mues, C. and D, Backer M. and Haesen, R.},
  date = {2008},
  title = {Mining software repositories for comprehensible software fault prediction models},
  volume = {81},
  pages = {823–839},
  language = {en},
  journal = {Software Process and Product Measurement},
  number = {5}
}
@inproceedings{venkata2006a,
  author = {Venkata, U.B. and Bastani, B.F. and Yen, I.L.},
  date = {2006},
  title = {A unified framework for defect data analysis using the mbr technique},
  pages = {39–46},
  language = {en},
  booktitle = {Proceeding of 18th IEEE international conference on tools with artificial intelligence, ICTAI ’06}
}
@inproceedings{verma2012a,
  author = {Verma, R. and Gupta, A.},
  date = {2012},
  title = {Software defect prediction using two level data pre-processing},
  pages = {311–317},
  language = {en},
  booktitle = {2012 international conference on recent advances in computing and software systems (RACSS}
}
@inproceedings{wang2010a,
  author = {Wang, H. and Khoshgoftaar, T. and Gao, K.},
  date = {2010},
  title = {A comparative study of filter-based feature ranking techniques},
  pages = {43–48},
  language = {en},
  booktitle = {2010 IEEE international conference on information reuse and integration (IRI}
}
@inproceedings{wang2010b,
  author = {Wang, H. and Khoshgoftaar, T.M. and Hulse, J.V.},
  date = {2010},
  title = {A comparative study of threshold-based feature selection techniques},
  publisher = {IEEE Computer Society, Washington},
  pages = {499–504},
  language = {en},
  booktitle = {Proceedings of the 2010 IEEE international conference on granular computing, GRC ’10}
}
@article{wang2013a,
  author = {Wang, S. and Yao, X.},
  date = {2013},
  title = {Using class imbalance learning for software defect prediction},
  volume = {62},
  pages = {434–443},
  language = {en},
  journal = {IEEE Trans Reliab},
  number = {2}
}
@article{wasikowski2010a,
  author = {Wasikowski, M. and Chen, X.},
  date = {2010},
  title = {Combating the small sample class imbalance problem using feature selection},
  volume = {22},
  pages = {1388–1400},
  language = {en},
  journal = {IEEE Trans Knowl Data Eng},
  number = {10}
}
@inproceedings{weyuker2007a,
  author = {Weyuker, E.J. and Ostrand, T.J. and Bell, M.R.},
  date = {2007},
  title = {Using developer information as a factor for fault prediction},
  publisher = {IEEE Computer Society, Washington},
  pages = {8–18},
  language = {en},
  booktitle = {Proceedings of the third international workshop on predictor models in software engineering, PROMISE ’07}
}
@article{e2000a,
  author = {E, Wong W. and R, Horgan J. and M, Syring and W, Zage and D, Zage},
  date = {2000},
  title = {Applying design metrics to predict fault-proneness: a case study on a large-scale software system},
  volume = {30},
  pages = {1587–1608},
  language = {en},
  journal = {Softw Pract Exp},
  number = {14}
}
@incollection{wu2011a,
  author = {Wu, F.},
  date = {2011},
  title = {Empirical validation of object-oriented metrics on nasa for fault prediction},
  editor = {In, Tan H. and M, Zhou},
  volume = {201},
  publisher = {Springer},
  pages = {168–175},
  language = {en},
  booktitle = {Advances in information technology and education},
  address = {Berlin}
}
@inproceedings{wu2014a,
  author = {Wu, Y. and Yang, Y. and Zhao, Y. and Lu, H. and Zhou, Y. and Xu, B.},
  date = {2014},
  title = {The influence of developer quality on software fault-proneness prediction},
  pages = {11–19},
  language = {en},
  booktitle = {2014 eighth international conference on software security and reliability (SERE}
}
@inproceedings{xia2014a,
  author = {Xia, Y. and Yan, G. and Jiang, X. and Yang, Y.},
  date = {2014},
  title = {A new metrics selection method for software defect prediction},
  pages = {433–436},
  language = {en},
  booktitle = {2014 International conference on progress in informatics and computing (PIC}
}
@inproceedings{xiao2010a,
  author = {Xiao, J. and Afzal, W.},
  date = {2010},
  title = {Search-based resource scheduling for bug fixing tasks},
  pages = {133–142},
  language = {en},
  booktitle = {2010 second international symposium on search based software engineering (SSBSE). IEEE}
}
@inproceedings{xu2000a,
  author = {Xu, Z. and Khoshgoftaar, T.M. and Allen, E.B.},
  date = {2000},
  title = {Prediction of software faults using fuzzy nonlinear regression modeling},
  pages = {281–290},
  language = {en},
  booktitle = {High assurance systems engineering, 2000, Fifth IEEE international symposium on. HASE 2000. IEEE}
}
@inproceedings{yacoub1999a,
  author = {Yacoub, S. and Ammar, H. and Robinson, T.},
  date = {1999},
  title = {Dynamic metrics for object-oriented designs},
  pages = {50–60},
  language = {en},
  booktitle = {Proceeding of the 6th international symposium on software metrics (Metrics’99}
}
@article{yadav2015a,
  author = {Yadav, H.B. and Yadav, D.K.},
  date = {2015},
  title = {A fuzzy logic based approach for phase-wise software defects prediction using software metrics},
  volume = {63},
  pages = {44–57},
  language = {en},
  journal = {Inf Softw Technol}
}
@incollection{yan2007a,
  author = {Yan, M. and Guo, L. and Cukic, B.},
  date = {2007},
  title = {Statistical framework for the prediction of fault-proneness},
  language = {en},
  booktitle = {Advance in machine learning application in software engineering. Idea Group}
}
@inproceedings{yan2010a,
  author = {Yan, Z. and Chen, X. and Guo, P.},
  date = {2010},
  title = {Software defect prediction using fuzzy support vector regression},
  pages = {17–24},
  language = {en},
  booktitle = {International symposium on neural networks. Springer}
}
@inproceedings{yang2012a,
  author = {Yang, C. and Hou, C. and Kao, W. and Chen, I.},
  date = {2012},
  title = {An empirical study on improving severity prediction of defect reports using feature selection},
  volume = {1},
  pages = {350–355},
  language = {en},
  booktitle = {2012 19th Asia-Pacific software engineering conference (APSEC}
}
@article{yang2015a,
  author = {Yang, X. and Tang, K. and Yao, X.},
  date = {2015},
  title = {A learning-to-rank approach to software defect prediction},
  volume = {64},
  pages = {234–246},
  language = {en},
  journal = {IEEE Trans Reliab},
  number = {1}
}
@techreport{khan2011a,
  author = {Khan, Yasser A. and MOE, El-Attar M.},
  date = {2011},
  title = {A systematic review on the relationships between ck metrics and external software quality attributes},
  language = {en},
  type = {Technical report}
}
@article{youden1950a,
  author = {Youden, W.J.},
  date = {1950},
  title = {Index for rating diagnostic tests},
  volume = {3},
  pages = {32–35},
  language = {en},
  journal = {Cancer},
  number = {1}
}
@inproceedings{yousef2004a,
  author = {Yousef, W. and Wagner, R. and Loew, M.},
  date = {2004},
  title = {Comparison of non-parametric methods for assessing classifier perfor- mance in terms of roc parameters},
  publisher = {ISIT},
  pages = {190–195},
  language = {en},
  booktitle = {Proceedings of international symposium on information theory, 2004}
}
@inproceedings{zhang2009a,
  author = {Zhang, H.},
  date = {2009},
  title = {An investigation of the relationships between lines of code and defects},
  pages = {274–283},
  language = {en},
  booktitle = {IEEE international conference on software maintenance (ICSM}
}
@inproceedings{zhang2011a,
  author = {Zhang, W. and Yang, Y. and Wang, Q.},
  date = {2011},
  title = {Handling missing data in software effort prediction with naive Bayes and EM algorithm},
  publisher = {ACM},
  pages = {1–10},
  language = {en},
  booktitle = {Proceedings of the 7th international conference on predictive models in software engineering, PROMISE ’11},
  address = {New York}
}
@article{zhang2007a,
  author = {Zhang, X. and Gupta, N. and Gupta, R.},
  date = {2007},
  title = {Locating faulty code by multiple points slicing},
  volume = {37},
  pages = {961},
  language = {en},
  journal = {Softw Pract Exp},
  number = {9}
}
@article{zhimin2012a,
  author = {Zhimin, H. and Fengdi, S. and Yang, Y. and Li, M. and Wang, Q.},
  date = {2012},
  title = {An investigation on the feasibility of cross-project defect prediction},
  volume = {19},
  pages = {167–199},
  language = {en},
  journal = {Autom Software Eng},
  number = {2}
}
@article{zhou2006a,
  author = {Zhou, Y. and Leung, H.},
  date = {2006},
  title = {Empirical analysis of object-oriented design metrics for predicting high and low severity faults},
  volume = {10},
  pages = {771–789},
  language = {en},
  journal = {IEEE Trans Softw Eng}
}
@article{zhou2010a,
  author = {Zhou, Y. and Xu, B. and Leung, H.},
  date = {2010},
  title = {On the ability of complexity metrics to predict fault-prone classes in object oriented systems},
  volume = {83},
  pages = {660–674},
  language = {en},
  journal = {J Syst Softw},
  number = {4}
}
@inproceedings{zimmermann2009a,
  author = {Zimmermann, T. and Nagappan, N. and Gall, H. and Giger, E. and Murphy, B.},
  date = {2009},
  title = {Cross-project defect prediction: A large scale experiment on data vs. domain vs. process},
  publisher = {ACM},
  pages = {91–100},
  language = {en},
  booktitle = {Proceedings of the the 7th joint meeting of the European software engineering conference and the ACM SIGSOFT symposium on the foundations of software engineering, ESEC and FSE ’09},
  address = {New York}
}
