@article{singh2020aco,
  title={ACO based comprehensive model for software fault prediction},
  author={Singh, Pradeep and Verma, Shrish},
  journal={International Journal of Knowledge-based and Intelligent Engineering Systems},
  volume={24},
  number={1},
  pages={63--71},
  year={2020},
  publisher={IOS Press}
}

@book{wang2019dynamic,
  title={Dynamic Fault Handling and Reconfiguration for Industrial Automation Systems},
  author={Wang, Huiqiang},
  year={2019},
  publisher={University of Stuttgart, Germany}
}

@book{bansal2020computational,
  title={Computational Intelligence Techniques and Their Applications to Software Engineering Problems},
  author={Bansal, Ankita and Jain, Abha and Jain, Sarika and Jain, Vishal and Choudhary, Ankur},
  year={2020},
  publisher={CRC Press}
}

@incollection{sharma2020soft,
  title={Soft Computing Approaches to Investigate Software Fault Proneness in Agile Software Development Environment},
  author={Sharma, Pooja and Sangal, Amrit Lal},
  booktitle={Applications of Machine Learning},
  pages={217--233},
  year={2020},
  publisher={Springer}
}

@article{hoan2016growing,
  title={A Growing Hierarchical Semi-Supervised SOM for Classification Problem},
  author={Hoan, Nguyen Quang},
  journal={International Journal of Computer Science and Information Security (IJCSIS)},
  volume={14},
  number={9},
  year={2016}
}

@article{baiotto2020computation,
  title={A computation study on contextual self-organizing maps for subset data integration},
  author={Baiotto, Holly Deann},
  year={2020}
}

@article{goyal20204,
  title={4 Empirical Software},
  author={Goyal, Somya and Bhatia, Pradeep Kumar},
  journal={Computational Intelligence Techniques and Their Applications to Software Engineering Problems},
  pages={49},
  year={2020},
  publisher={CRC Press}
}

@article{wang2019performance,
  title={The Performance Quantitative Model Based on the Specification and Relation of the Component},
  author={Wang, Baohua and Li, Danning and Zhang, Shun},
  journal={Mathematics},
  volume={7},
  number={8},
  pages={730},
  year={2019},
  publisher={Multidisciplinary Digital Publishing Institute}
}

@article{sharmasoft,
  title={Soft Computing Approaches to Investigate Software Fault Proneness},
  author={Sharma, Pooja and Sangal, Amrit Lal},
  journal={Applications of Machine Learning},
  pages={217},
  publisher={Springer Nature}
}

@article{lu2020deep,
  title={Deep fisher autoencoder combined with self-organizing map for visual industrial process monitoring},
  author={Lu, Weipeng and Yan, Xuefeng},
  journal={Journal of Manufacturing Systems},
  volume={56},
  pages={241--251},
  year={2020},
  publisher={Elsevier}
}

@inproceedings{ulumi2019weighted,
  title={Weighted knn using grey relational analysis for cross-project defect prediction},
  author={Ulumi, DI and Siahaan, D},
  booktitle={Journal of Physics: Conference Series},
  volume={1230},
  number={1},
  pages={012062},
  year={2019},
  organization={IOP Publishing}
}

@inproceedings{kama2015change,
  title={A Change Impact Analysis Tool: Integration Between Static and Dynamic Analysis Techniques},
  author={Kama, Nazri and Ismail, Saiful Adli and Kamardin, Kamilia and Zainuddin, Norziha Megat and Azmi, Azri and Zainuddin, Wan Shafiuddin},
  booktitle={International Conference on Intelligent Software Methodologies, Tools, and Techniques},
  pages={413--424},
  year={2015},
  organization={Springer}
}

@article{riese2020supervised,
  title={Supervised and Semi-Supervised Self-Organizing Maps for Regression and Classification Focusing on Hyperspectral Data},
  author={Riese, Felix M and Keller, Sina and Hinz, Stefan},
  journal={Remote Sensing},
  volume={12},
  number={1},
  pages={7},
  year={2020},
  publisher={Multidisciplinary Digital Publishing Institute}
}

@article{liu2015predicting,
  title={Predicting component failures using latent dirichlet allocation},
  author={Liu, Hailin and Xu, Ling and Yang, Mengning and Yan, Meng and Zhang, Xiaohong},
  journal={Mathematical Problems in Engineering},
  volume={2015},
  year={2015},
  publisher={Hindawi}
}

@inproceedings{hu2018alternating,
  title={An Alternating Least Square Based Algorithm for Predicting Patient Survivability},
  author={Hu, Qiming and Yang, Jie and Win, Khin Than and Huang, Xufeng},
  booktitle={Australasian Conference on Data Mining},
  pages={305--317},
  year={2018},
  organization={Springer}
}

@inproceedings{el2015automatic,
  title={Automatic Test Data Generation Targeting Hybrid Coverage Criteria},
  author={El-Serafy, Ahmed and Salama, Cherif and Wahba, Ayman},
  booktitle={International Conference on Intelligent Software Methodologies, Tools, and Techniques},
  pages={149--160},
  year={2015},
  organization={Springer}
}

@article{tang2020fault,
  title={A fault diagnosis method using Interval coded deep belief network},
  author={Tang, Jiahui and Wu, Jimei and Hu, Bingbing and Guo, Chang and Zhang, Jialing},
  journal={Journal of Mechanical Science and Technology},
  pages={1--8},
  year={2020},
  publisher={Springer}
}

@article{sun2020cost,
  title={Cost-Sensitive and Sparse Ladder Network for Software Defect Prediction},
  author={Sun, Jing and Ji, Yi-mu and Liu, Shangdong and Wu, Fei},
  journal={IEICE TRANSACTIONS on Information and Systems},
  volume={103},
  number={5},
  pages={1177--1180},
  year={2020},
  publisher={The Institute of Electronics, Information and Communication Engineers}
}

@article{sharma2020towards,
  title={Towards recent developments in the methods, metrics and datasets of software fault prediction},
  author={Sharma, Deepak and Chandra, Pravin},
  journal={International Journal of Computational Systems Engineering},
  volume={6},
  number={1},
  pages={14--45},
  year={2020},
  publisher={Inderscience Publishers (IEL)}
}

@article{ramirez2018adaptive,
  title={Adaptive background modeling of complex scenarios based on pixel level learning modeled with a retinotopic self-organizing map and radial basis mapping},
  author={Ramirez-Quintana, Juan A and Chacon-Murguia, Mario I and Ramirez-Alonso, Graciela M},
  journal={Applied Intelligence},
  volume={48},
  number={12},
  pages={4976--4997},
  year={2018},
  publisher={Springer}
}

@article{zhang2018low,
  title={Low-rank representation for semi-supervised software defect prediction},
  author={Zhang, Zhi-Wu and Jing, Xiao-Yuan and Wu, Fei},
  journal={IET Software},
  volume={12},
  number={6},
  pages={527--535},
  year={2018},
  publisher={IET}
}

@article{thai2016growing,
  title={A Growing Hierarchical Semi-Supervised SOM for Classification Problem},
  author={Thai, Vu Duc and Hoan, Nguyen Quang and others},
  journal={International Journal of Computer Science and Information Security},
  volume={14},
  number={9},
  pages={671},
  year={2016},
  publisher={LJS Publishing}
}

@article{niu2020deep,
  title={A deep learning based static taint analysis approach for IoT software vulnerability location},
  author={Niu, Weina and Zhang, Xiaosong and Du, Xiaojiang and Zhao, Lingyuan and Cao, Rong and Guizani, Mohsen},
  journal={Measurement},
  volume={152},
  pages={107139},
  year={2020},
  publisher={Elsevier}
}

@article{boucher2018unsupervised,
  title={An unsupervised fault-proneness prediction model using multiple risk levels for object-oriented software systems: an empirical study},
  author={Boucher, Alexandre and Badri, Mourad},
  journal={M{\'e}moire pr{\'e}sent{\'e} {\`a} lâ€™un{\i}vers{\i}t{\'e} du qu{\'e}bec {\`a} tro{\i}s-r{\i}v{\i}{\`e}res},
  year={2018}
}

@article{chatterjee2018mahalanobis,
  title={A Mahalanobis distance based algorithm for assigning rank to the predicted fault prone software modules},
  author={Chatterjee, Subhashis and Maji, Bappa},
  journal={Applied Soft Computing},
  volume={70},
  pages={764--772},
  year={2018},
  publisher={Elsevier}
}

@inproceedings{kaur2018ann,
  title={An ANN Based Approach for Software Fault Prediction Using Object Oriented Metrics},
  author={Kaur, Rajdeep and Sharma, Sumit},
  booktitle={International Conference on Advanced Informatics for Computing Research},
  pages={341--354},
  year={2018},
  organization={Springer}
}

@phdthesis{kudva2018fault,
  title={Fault Driven Supervised Tie Breaking for Test Case Prioritization},
  author={Kudva, Vinit},
  year={2018},
  school={University of Waterloo}
}

@inproceedings{tran2019combining,
  title={Combining feature selection, feature learning and ensemble learning for software fault prediction},
  author={Tran, Hung Duy and Hanh, LE Thi My and Binh, Nguyen Thanh},
  booktitle={2019 11th International Conference on Knowledge and Systems Engineering (KSE)},
  pages={1--8},
  year={2019},
  organization={IEEE}
}

@article{lang2017study,
  title={Study on the mining method for specific fault data of multimedia sensor networks in cloud computing environment},
  author={Lang, Liao and Yonghong, Huang and Xingming, Liu},
  journal={Multimedia Tools and Applications},
  volume={76},
  number={16},
  pages={17113--17128},
  year={2017},
  publisher={Springer}
}

@article{bigonha2019usefulness,
  title={The usefulness of software metric thresholds for detection of bad smells and fault prediction},
  author={Bigonha, Mariza AS and Ferreira, Kecia and Souza, Priscila and Sousa, Bruno and Janu{\'a}rio, Marcela and Lima, Daniele},
  journal={Information and Software Technology},
  volume={115},
  pages={79--92},
  year={2019},
  publisher={Elsevier}
}

@article{goyal2020comparison,
  title={Comparison of Machine Learning Techniques for Software Quality Prediction},
  author={Goyal, Somya},
  journal={International Journal of Knowledge and Systems Science (IJKSS)},
  volume={11},
  number={2},
  pages={20--40},
  year={2020},
  publisher={IGI Global}
}

@phdthesis{shah2018fault,
  title={Fault Detection Framework for Imbalanced and Sparsely-Labeled Data Sets Using Self-Organizing Maps},
  author={Shah, Rushit},
  year={2018}
}

@inproceedings{kumar2016framework,
  title={A Framework to Assess the Effectiveness of Quality Assessment Model Developed Using Class Level Metrics},
  author={Kumar, Lov and Krishna, Aneesh and Rath, S and Bhattacharya, Swapan},
  booktitle={25th International Conference on Software Engineering and Data Engineering, SEDE 2016},
  pages={23--28},
  year={2016}
}

@inproceedings{ma2019military,
  title={A Military Software Reliability Prediction Model Based on Optimized SVR Algorithm},
  author={Ma, Zhen-Yu and Zhang, Wei and Wang, Jian-Ping and Liu, Fu-Sheng and Han, Kun and Gao, Fei},
  booktitle={Proceedings of the 2019 3rd International Conference on Innovation in Artificial Intelligence},
  pages={258--262},
  year={2019}
}

@inproceedings{ma2018research,
  title={Research on a Method of Software Reliability Prediction Model},
  author={Ma, Zhen-Yu and Zhang, Wei and Wang, Jian-Ping and Liu, Fu-Sheng and Han, Kun and Gao, Fei},
  booktitle={Proceedings of the 2018 2nd International Conference on Computer Science and Artificial Intelligence},
  pages={163--167},
  year={2018}
}

@article{riese2020development,
  title={Development and Applications of Machine Learning Methods for Hyperspectral Data},
  author={Riese, Felix M},
  year={2020}
}

@article{thilakarathne2015analyzing,
  title={Analyzing the Healthiness of an IT Project Using Self Organizing Maps},
  author={Thilakarathne, HHTD and Wellage, CH and Rupasinghe, JAPNS and Nimantha, KC and Karunaratne, PM and Fernando, Subha},
  year={2015}
}

@article{panda2018dbbrbf,
  title={DBBRBF-Convalesce optimization for software defect prediction problem using hybrid distribution base balance instance selection and radial basis Function classifier},
  author={Panda, Mrutyunjaya},
  journal={arXiv preprint arXiv:1806.03260},
  year={2018}
}

@inproceedings{moudache2019software,
  title={Software Fault Prediction Based on Fault Probability and Impact},
  author={Moudache, Salim and Badri, Mourad},
  booktitle={2019 18th IEEE International Conference On Machine Learning And Applications (ICMLA)},
  pages={1178--1185},
  year={2019},
  organization={IEEE}
}

@inproceedings{abdoun2018towards,
  title={Towards an Intelligent Data Analysis System for Decision Making in Medical Diagnostics},
  author={Abdoun, Otman and Ezziyyani, Mostafa and others},
  booktitle={International Conference on Advanced Intelligent Systems for Sustainable Development},
  pages={1--13},
  year={2018},
  organization={Springer}
}

@inproceedings{boucher2017predicting,
  title={Predicting fault-prone classes in object-oriented software: an adaptation of an unsupervised hybrid SOM algorithm},
  author={Boucher, Alexandre and Badri, Mourad},
  booktitle={2017 IEEE International Conference on Software Quality, Reliability and Security (QRS)},
  pages={306--317},
  year={2017},
  organization={IEEE}
}

@article{padhy2018software,
  title={Software reusability metrics prediction by using evolutionary algorithms: The interactive mobile learning application RozGaar},
  author={Padhy, Neelamadhab and Satapathy, Suresh Chandra and Mohanty, JR and Panigrahi, Rasmita},
  journal={International Journal of Knowledge-based and Intelligent Engineering Systems},
  volume={22},
  number={4},
  pages={261--276},
  year={2018},
  publisher={IOS Press}
}

@inproceedings{ghosh2017predicting,
  title={Predicting defect of software system},
  author={Ghosh, Soumi and Rana, Ajay and Kansal, Vineet},
  booktitle={Proceedings of the 5th International Conference on Frontiers in Intelligent Computing: Theory and Applications},
  pages={55--67},
  year={2017},
  organization={Springer}
}

@article{figueroa2016improving,
  title={Improving business process retrieval using categorization and multimodal search},
  author={Figueroa, Cristhian and Ordo{\~n}ez, Hugo and Corrales, Juan-Carlos and Cobos, Carlos and Wives, Leandro Krug and Herrera-Viedma, Enrique},
  journal={Knowledge-Based Systems},
  volume={110},
  pages={49--59},
  year={2016},
  publisher={Elsevier}
}

@article{dhanajayan2017slmbc,
  title={SLMBC: spiral life cycle model-based Bayesian classification technique for efficient software fault prediction and classification},
  author={Dhanajayan, Rajaganapathy Chinna Gounder and Pillai, Subramani Appavu},
  journal={Soft Computing},
  volume={21},
  number={2},
  pages={403--415},
  year={2017},
  publisher={Springer}
}

@article{gu2019characterizing,
  title={Characterizing the spatial variations of the relationship between land use and surface water quality using self-organizing map approach},
  author={Gu, Qing and Hu, Hao and Ma, Ligang and Sheng, Li and Yang, Su and Zhang, Xiaobin and Zhang, Minghua and Zheng, Kefeng and Chen, Lisu},
  journal={Ecological Indicators},
  volume={102},
  pages={633--643},
  year={2019},
  publisher={Elsevier}
}

@article{kumar2018effective,
  title={An effective fault prediction model developed using an extreme learning machine with various kernel methods},
  author={Kumar, Lov and Tirkey, Anand and Rath, Santanu-Ku},
  journal={Frontiers of Information Technology \& Electronic Engineering},
  volume={19},
  number={7},
  pages={864--888},
  year={2018},
  publisher={Springer}
}

@article{premalatha2017software,
  title={Software Fault Prediction and Classification using Cost based Random Forest in Spiral Life Cycle Model},
  author={Premalatha, Hosahalli Mahalingappa and Srikrishna, Chimanahalli Venkateshavittalachar},
  journal={system},
  volume={11},
  year={2017}
}

@article{pandey2020bpdet,
  title={BPDET: An effective software bug prediction model using deep representation and ensemble learning techniques},
  author={Pandey, Sushant Kumar and Mishra, Ravi Bhushan and Tripathi, Anil Kumar},
  journal={Expert Systems with Applications},
  volume={144},
  pages={113085},
  year={2020},
  publisher={Elsevier}
}

@inproceedings{henein2018clustering,
  title={Clustering-based Under-sampling for Software Defect Prediction.},
  author={Henein, Moheb MR and Shawky, Doaa M and Abd-El-Hafiz, Salwa K},
  booktitle={ICSOFT},
  pages={219--227},
  year={2018}
}

@inproceedings{liu2018scalable,
  title={A scalable heterogeneous parallel SOM based on MPI/CUDA},
  author={Liu, Yao and Sun, Jun and Yao, Qing and Wang, Su and Zheng, Kai and Liu, Yan},
  booktitle={Asian Conference on Machine Learning},
  pages={264--279},
  year={2018}
}

@article{lu2019visual,
  title={Visual monitoring of industrial operation states based on kernel fisher vector and self-organizing map networks},
  author={Lu, Wei-Peng and Yan, Xue-Feng},
  journal={International Journal of Control, Automation and Systems},
  volume={17},
  number={6},
  pages={1535--1546},
  year={2019},
  publisher={Springer}
}

@phdthesis{rahman2019software,
  title={Software Defect Prediction Using Rich Contextualized Language Use Vectors},
  author={Rahman, Ashiqur},
  year={2019}
}

@article{balogun2019performance,
  title={Performance analysis of selected clustering techniques for software defects prediction},
  author={Balogun, Abdullateef and Oladele, Rufus and Mojeed, Hammed and Amin-Balogun, Barakat and Adeyemo, Victor Elijah and Aro, Taye Olalere},
  year={2019},
  publisher={IEEE NIgeria Chapter}
}

@inproceedings{sutar2019defect,
  title={Defect Prediction based on Machine Learning using System Test Parameters},
  author={Sutar, Shantanu and Kumar, Rajesh and Pai, Sriram and Shwetha, BR},
  booktitle={2019 Amity International Conference on Artificial Intelligence (AICAI)},
  pages={134--139},
  year={2019},
  organization={IEEE}
}

@article{tong2019kernel,
  title={Kernel Spectral Embedding Transfer Ensemble for Heterogeneous Defect Prediction},
  author={Tong, Haonan and Liu, Bin and Wang, Shihai},
  journal={IEEE Transactions on Software Engineering},
  year={2019},
  publisher={IEEE}
}

@article{panda2019software,
  title={Software defect prediction using hybrid distribution Base balance instance selection and radial basis function classifier},
  author={Panda, Mrutyunjaya},
  journal={International Journal of System Dynamics Applications (IJSDA)},
  volume={8},
  number={3},
  pages={53--75},
  year={2019},
  publisher={IGI Global}
}

@article{juneja2019fuzzy,
  title={A fuzzy-filtered neuro-fuzzy framework for software fault prediction for inter-version and inter-project evaluation},
  author={Juneja, Kapil},
  journal={Applied Soft Computing},
  volume={77},
  pages={696--713},
  year={2019},
  publisher={Elsevier}
}

@incollection{strydom2019big,
  title={The Big Data Research Ecosystem: an Analytical Literature Study},
  author={Strydom, Moses John and Buckley, Sheryl},
  booktitle={Big Data Governance and Perspectives in Knowledge Management},
  pages={55--87},
  year={2019},
  publisher={IGI Global}
}

@inproceedings{fujita2015big,
  title={Big data based clouds healthcare web service forecasting: Research challenge},
  author={Fujita, Hamido},
  booktitle={2015 IEEE 10th Jubilee International Symposium on Applied Computational Intelligence and Informatics},
  pages={529--534},
  year={2015},
  organization={IEEE}
}

@article{shao2018rolling,
  title={Rolling bearing fault detection using continuous deep belief network with locally linear embedding},
  author={Shao, Haidong and Jiang, Hongkai and Li, Xingqiu and Liang, Tianchen},
  journal={Computers in Industry},
  volume={96},
  pages={27--39},
  year={2018},
  publisher={Elsevier}
}

@article{tong2018software,
  title={Software defect prediction using stacked denoising autoencoders and two-stage ensemble learning},
  author={Tong, Haonan and Liu, Bin and Wang, Shihai},
  journal={Information and Software Technology},
  volume={96},
  pages={94--111},
  year={2018},
  publisher={Elsevier}
}

@article{wu2018cross,
  title={Cross-project and within-project semisupervised software defect prediction: A unified approach},
  author={Wu, Fei and Jing, Xiao-Yuan and Sun, Ying and Sun, Jing and Huang, Lin and Cui, Fangyi and Sun, Yanfei},
  journal={IEEE Transactions on Reliability},
  volume={67},
  number={2},
  pages={581--597},
  year={2018},
  publisher={IEEE}
}

@article{zhang2018adaptive,
  title={Adaptive kernel density-based anomaly detection for nonlinear systems},
  author={Zhang, Liangwei and Lin, Jing and Karim, Ramin},
  journal={Knowledge-Based Systems},
  volume={139},
  pages={50--63},
  year={2018},
  publisher={Elsevier}
}

@article{manjula2019deep,
  title={Deep neural network based hybrid approach for software defect prediction using software metrics},
  author={Manjula, C and Florence, Lilly},
  journal={Cluster Computing},
  volume={22},
  number={4},
  pages={9847--9863},
  year={2019},
  publisher={Springer}
}

@article{kumar2018effective,
  title={Effective fault prediction model developed using least square support vector machine (LSSVM)},
  author={Kumar, Lov and Sripada, Sai Krishna and Sureka, Ashish and Rath, Santanu Ku},
  journal={Journal of Systems and Software},
  volume={137},
  pages={686--712},
  year={2018},
  publisher={Elsevier}
}

@article{huda2017framework,
  title={A framework for software defect prediction and metric selection},
  author={Huda, Shamsul and Alyahya, Sultan and Ali, Md Mohsin and Ahmad, Shafiq and Abawajy, Jemal and Al-Dossari, Hmood and Yearwood, John},
  journal={IEEE access},
  volume={6},
  pages={2844--2858},
  year={2017},
  publisher={IEEE}
}

@article{kumar2017empirical,
  title={An empirical analysis of the effectiveness of software metrics and fault prediction model for identifying faulty classes},
  author={Kumar, Lov and Misra, Sanjay and Rath, Santanu Ku},
  journal={Computer Standards \& Interfaces},
  volume={53},
  pages={1--32},
  year={2017},
  publisher={Elsevier}
}

@article{rana2015improving,
  title={Improving Recall of software defect prediction models using association mining},
  author={Rana, Zeeshan Ali and Mian, M Awais and Shamail, Shafay},
  journal={Knowledge-Based Systems},
  volume={90},
  pages={1--13},
  year={2015},
  publisher={Elsevier}
}

@article{zerdoumi2018image,
  title={Image pattern recognition in big data: taxonomy and open challenges: survey},
  author={Zerdoumi, Saber and Sabri, Aznul Qalid Md and Kamsin, Amirrudin and Hashem, Ibrahim Abaker Targio and Gani, Abdullah and Hakak, Saqib and Al-Garadi, Mohammed Ali and Chang, Victor},
  journal={Multimedia Tools and Applications},
  volume={77},
  number={8},
  pages={10091--10121},
  year={2018},
  publisher={Springer}
}

@article{boucher2018software,
  title={Software metrics thresholds calculation techniques to predict fault-proneness: An empirical comparison},
  author={Boucher, Alexandre and Badri, Mourad},
  journal={Information and Software Technology},
  volume={96},
  pages={38--67},
  year={2018},
  publisher={Elsevier}
}

@article{pandey2018unsupervised,
  title={Unsupervised data classification using improved biogeography based optimization},
  author={Pandey, Avinash Chandra and Pal, Raju and Kulhari, Ankur},
  journal={International Journal of System Assurance Engineering and Management},
  volume={9},
  number={4},
  pages={821--829},
  year={2018},
  publisher={Springer}
}

@article{ali2017parallel,
  title={A parallel framework for software defect detection and metric selection on cloud computing},
  author={Ali, Md Mohsin and Huda, Shamsul and Abawajy, Jemal and Alyahya, Sultan and Al-Dossari, Hmood and Yearwood, John},
  journal={Cluster Computing},
  volume={20},
  number={3},
  pages={2267--2281},
  year={2017},
  publisher={Springer}
}

@inproceedings{boucher2016using,
  title={Using software metrics thresholds to predict fault-prone classes in object-oriented software},
  author={Boucher, Alexandre and Badri, Mourad},
  booktitle={2016 4th Intl Conf on Applied Computing and Information Technology/3rd Intl Conf on Computational Science/Intelligence and Applied Informatics/1st Intl Conf on Big Data, Cloud Computing, Data Science \& Engineering (ACIT-CSII-BCD)},
  pages={169--176},
  year={2016},
  organization={IEEE}
}

@article{kumudha2016cost,
  title={Cost-sensitive radial basis function neural network classifier for software defect prediction},
  author={Kumudha, P and Venkatesan, R},
  journal={The Scientific World Journal},
  volume={2016},
  year={2016},
  publisher={Hindawi}
}

@article{rezaei2017automatic,
  title={Automatic plaque segmentation based on hybrid fuzzy clustering and k nearest neighborhood using virtual histology intravascular ultrasound images},
  author={Rezaei, Zahra and Selamat, Ali and Taki, Arash and Rahim, Mohd Shafry Mohd and Kadir, Mohammed Rafiq Abdul},
  journal={Applied Soft Computing},
  volume={53},
  pages={380--395},
  year={2017},
  publisher={Elsevier}
}