@inproceedings{srivastava2019comparative,
  title={Comparative Analysis of Different Machine Learning Techniques},
  author={Srivastava, Nidhi and Lamba, Tripti and Agarwal, Manisha},
  booktitle={International Conference on Futuristic Trends in Networks and Computing Technologies},
  pages={245--255},
  year={2019},
  organization={Springer}
}

@incollection{nascimento2018increasing,
  title={Increasing the Prediction Quality of Software Defective Modules with Automatic Feature Engineering},
  author={Nascimento, Alexandre Moreira and de Melo, Vin{\'\i}cius Veloso and Dias, Luiz Alberto Vieira and da Cunha, Adilson Marques},
  booktitle={Information Technology-New Generations},
  pages={527--535},
  year={2018},
  publisher={Springer}
}

@inproceedings{balogun2020search,
  title={Search-Based Wrapper Feature Selection Methods in Software Defect Prediction: An Empirical Analysis},
  author={Balogun, Abdullateef O and Basri, Shuib and Jadid, Said A and Mahamad, Saipunidzam and Al-momani, Malek A and Bajeh, Amos O and Alazzawi, Ammar K},
  booktitle={Computer Science On-line Conference},
  pages={492--503},
  year={2020},
  organization={Springer}
}

@article{morasca2020assessment,
  title={On the assessment of software defect prediction models via ROC curves},
  author={Morasca, Sandro and Lavazza, Luigi},
  journal={Empirical Software Engineering},
  pages={1--43},
  year={2020},
  publisher={Springer}
}

@article{qiao2020deep,
  title={Deep learning based software defect prediction},
  author={Qiao, Lei and Li, Xuesong and Umer, Qasim and Guo, Ping},
  journal={Neurocomputing},
  volume={385},
  pages={100--110},
  year={2020},
  publisher={Elsevier}
}

@article{patrick2020exploring,
  title={Exploring software reusability metrics with Q\&A forum data},
  author={Patrick, Matthew T},
  journal={Journal of Systems and Software},
  pages={110652},
  year={2020},
  publisher={Elsevier}
}

@incollection{kiyak2020data,
  title={Data Mining and Machine Learning for Software Engineering},
  author={Kiyak, Elife Ozturk},
  booktitle={Data Mining-Methods, Applications and Systems},
  year={2020},
  publisher={IntechOpen}
}

@inproceedings{ceran2020experimental,
  title={An experimental study for software quality prediction with machine learning methods},
  author={CERAN, A Ayberk and TANRI{\"O}VER, {\"O} {\"O}zg{\"u}r},
  booktitle={2020 International Congress on Human-Computer Interaction, Optimization and Robotic Applications (HORA)},
  pages={1--4},
  year={2020},
  organization={IEEE}
}

@article{yangsoftware,
  title={Software Defect Prediction Model Based on Weighted Case Reasoning Model Family},
  author={Yang, Hengdong}
}

@article{thompson2017large,
  title={Large-Scale Analysis of Modern Code Review Practices and Software Security in Open Source Software},
  author={Thompson, Christopher},
  year={2017}
}

@inproceedings{nascimento2019cost,
  title={A Cost-Sensitive Approach to Enhance the use of ML Classifiers in Software Testing Efforts},
  author={Nascimento, Alexandre Moreira and Vismari, Lucio Flavio and Cugnasca, Paulo Sergio and J{\'u}nior, Jo{\~a}o Batista Camargo and de Almeira J{\'u}nior, Jorge Rady},
  booktitle={2019 18th IEEE International Conference On Machine Learning And Applications (ICMLA)},
  pages={1806--1813},
  year={2019},
  organization={IEEE}
}

@inproceedings{di2018methods,
  title={Methods and tools for focusing and prioritizing the testing effort},
  author={Di Nucci, Dario},
  booktitle={2018 IEEE International Conference on Software Maintenance and Evolution (ICSME)},
  pages={722--726},
  year={2018},
  organization={IEEE}
}

@article{souri2020formal,
  title={Formal verification of a hybrid machine learning-based fault prediction model in Internet of Things applications},
  author={Souri, Alireza and Mohammed, Amin Salih and Potrus, Moayad Yousif and Malik, Mazhar Hussain and Safara, Fatemeh and Hosseinzadeh, Mehdi},
  journal={IEEE Access},
  volume={8},
  pages={23863--23874},
  year={2020},
  publisher={IEEE}
}

@incollection{chauhan2020bug,
  title={Bug Severity Classification Using Semantic Feature with Convolution Neural Network},
  author={Chauhan, Ambuj and Kumar, Rakesh},
  booktitle={Computing in Engineering and Technology},
  pages={327--335},
  year={2020},
  publisher={Springer}
}

@inproceedings{pandit2019deep,
  title={A Deep Introduction to AI Based Software Defect Prediction (SDP) and its Current Challenges},
  author={Pandit, Mahesha Bangalore Ramalinga and Varma, Nitin},
  booktitle={TENCON 2019-2019 IEEE Region 10 Conference (TENCON)},
  pages={284--290},
  year={2019},
  organization={IEEE}
}

@mastersthesis{baron2020evaluating,
  title={Evaluating the Effectiveness of Code2Vec for Bug Prediction When Considering That Not All Bugs Are the Same},
  author={Baron, Kilby},
  year={2020},
  school={University of Waterloo}
}

@article{tsunoda2020simulation,
  title={A Simulation Study of Bandit Algorithms to Address External Validity of Software Fault Prediction},
  author={Tsunoda, Teruki Hayakawa and Toda, Koji and Nakasai, Keitaro and Matsumoto, Kenichi and others},
  journal={arXiv preprint arXiv:2003.05094},
  year={2020}
}

@article{huo2019cost,
  title={On cost-effective software defect prediction: Classification or ranking?},
  author={Huo, Xuan and Li, Ming},
  journal={Neurocomputing},
  volume={363},
  pages={339--350},
  year={2019},
  publisher={Elsevier}
}

@article{rini2020integrasi,
  title={Integrasi Pendekatan Level Data Pada Logistic Regression Untuk Prediksi Cacat Perangkat Lunak},
  author={Rini, Dian Palupi and others},
  journal={JIKO (Jurnal Informatika dan Komputer)},
  volume={3},
  number={2},
  pages={101--106},
  year={2020}
}

@article{ozturk21ordinal,
  title={An Ordinal Classification Approach for Software Bug Prediction},
  author={{\"O}ZT{\"U}RK, Elife and Birant, K{\"o}kten Ula{\c{s}} and Birant, Derya},
  journal={Dokuz Eyl{\"u}l {\"U}niversitesi M{\"u}hendislik Fak{\"u}ltesi Fen ve M{\"u}hendislik Dergisi},
  volume={21},
  number={62},
  pages={533--544}
}

@article{iqbal2019performance,
  title={Performance Analysis of Resampling Techniques on Class Imbalance Issue in Software Defect Prediction},
  author={Iqbal, Ahmed and Aftab, Shabib and Matloob, Faseeha},
  journal={Int. J. Inf. Technol. Comput. Sci},
  volume={11},
  number={11},
  pages={44--53},
  year={2019}
}

@article{hassan2018review,
  title={A Review on Machine Learning Techniques for Software Defect Prediction},
  author={Hassan, Fareeha and Farhan, Saima and Fahiem, Muhammad Abuzar and Tauseef, Huma},
  journal={Technical Journal},
  volume={23},
  number={02},
  pages={63--71},
  year={2018}
}

@article{chen2020different,
  title={Do different cross-project defect prediction methods identify the same defective modules?},
  author={Chen, Xiang and Mu, Yanzhou and Qu, Yubin and Ni, Chao and Liu, Meng and He, Tong and Liu, Shangqing},
  journal={Journal of Software: Evolution and Process},
  volume={32},
  number={5},
  pages={e2234},
  year={2020},
  publisher={Wiley Online Library}
}

@inproceedings{di2018evaluating,
  title={Evaluating the adaptive selection of classifiers for cross-project bug prediction},
  author={Di Nucci, Dario and Palomba, Fabio and De Lucia, Andrea},
  booktitle={2018 IEEE/ACM 6th International Workshop on Realizing Artificial Intelligence Synergies in Software Engineering (RAISE)},
  pages={48--54},
  year={2018},
  organization={IEEE}
}

@article{efendioglu2018bug,
  title={Bug prediction of systemc models using machine learning},
  author={Efendioglu, Mustafa and Sen, Alper and Koroglu, Yavuz},
  journal={IEEE Transactions on Computer-Aided Design of Integrated Circuits and Systems},
  volume={38},
  number={3},
  pages={419--429},
  year={2018},
  publisher={IEEE}
}

@inproceedings{di2018role,
  title={The role of meta-learners in the adaptive selection of classifiers},
  author={Di Nucci, Dario and De Lucia, Andrea},
  booktitle={2018 IEEE Workshop on Machine Learning Techniques for Software Quality Evaluation (MaLTeSQuE)},
  pages={7--12},
  year={2018},
  organization={IEEE}
}

@article{majd2020sldeep,
  title={SLDeep: Statement-level software defect prediction using deep-learning model on static code features},
  author={Majd, Amirabbas and Vahidi-Asl, Mojtaba and Khalilian, Alireza and Poorsarvi-Tehrani, Pooria and Haghighi, Hassan},
  journal={Expert Systems with Applications},
  volume={147},
  pages={113156},
  year={2020},
  publisher={Elsevier}
}

@inproceedings{li2019software,
  title={Software defect prediction based on ensemble learning},
  author={Li, Ran and Zhou, Lijuan and Zhang, Shudong and Liu, Hui and Huang, Xiangyang and Sun, Zhong},
  booktitle={Proceedings of the 2019 2nd International Conference on Data Science and Information Technology},
  pages={1--6},
  year={2019}
}

@inproceedings{bal2018extreme,
  title={Extreme Learning Machine based Linear Homogeneous Ensemble for Software Fault Prediction.},
  author={Bal, Pravas Ranjan and Kumar, Sandeep},
  booktitle={ICSOFT},
  pages={103--112},
  year={2018}
}

@article{yinsheng2019software,
  title={Software Bug Location Algorithm on the basis of the Integration of Fuzzy Multi-objective Model},
  author={Yinsheng, Gao},
  year={2019}
}

@article{chen2019revisiting,
  title={Revisiting Heterogeneous Defect Prediction: How Far Are We?},
  author={Chen, Xiang and Mu, Yanzhou and Ni, Chao and Cui, Zhanqi},
  journal={arXiv preprint arXiv:1908.06560},
  year={2019}
}

@article{al2019dynamic,
  title={Dynamic Detection of Software Defects Using Supervised Learning Techniques},
  author={Al-Nusirat, Alaa and Hanandeh, Feras and Kharabsheh, Mohammad and Al-Ayyoub, Mahmoud and Al-dhufairi, Nahla},
  journal={International Journal of Communication Networks and Information Security},
  volume={11},
  number={1},
  pages={185--191},
  year={2019},
  publisher={Kohat University of Science and Technology (KUST)}
}

@article{goyalcomparative,
  title={Comparative Analysis Of Heterogeneous Ensemble Learning For Software Fault Prediction},
  author={Goyal, Jyoti and Kishan, Bal}
}

@article{alsawalqah2020software,
  title={Software Defect Prediction Using Heterogeneous Ensemble Classification Based on Segmented Patterns},
  author={Alsawalqah, Hamad and Hijazi, Neveen and Eshtay, Mohammed and Faris, Hossam and Radaideh, Ahmed Al and Aljarah, Ibrahim and Alshamaileh, Yazan},
  journal={Applied Sciences},
  volume={10},
  number={5},
  pages={1745},
  year={2020},
  publisher={Multidisciplinary Digital Publishing Institute}
}

@article{sabbaghi2020fcci,
  title={FCCI: A fuzzy expert system for identifying coincidental correct test cases},
  author={Sabbaghi, Arash and Keyvanpour, Mohammad Reza and Parsa, Saeed},
  journal={Journal of Systems and Software},
  pages={110635},
  year={2020},
  publisher={Elsevier}
}

@article{sirshar2019framework,
  title={A Framework for Software Defect Management Process in Software Quality Assurance},
  author={Sirshar, Mehreen and Noor, Jumana and Rashid, Raima and Daud, Muneeba},
  year={2019},
  publisher={Preprints}
}

@article{pandey2020bcv,
  title={BCV-Predictor: A bug count vector predictor of a successive version of the software system},
  author={Pandey, Sushant Kumar and Tripathi, Anil Kumar},
  journal={Knowledge-Based Systems},
  pages={105924},
  year={2020},
  publisher={Elsevier}
}

@article{khuat2019binary,
  title={Binary teaching--learning-based optimization algorithm with a new update mechanism for sample subset optimization in software defect prediction},
  author={Khuat, Thanh Tung and Le, My Hanh},
  journal={Soft Computing},
  volume={23},
  number={20},
  pages={9919--9935},
  year={2019},
  publisher={Springer}
}

@article{qiu2019automatic,
  title={Automatic Feature Exploration and an Application in Defect Prediction},
  author={Qiu, Yu and Liu, Yun and Liu, Ao and Zhu, Jingwen and Xu, Jing},
  journal={IEEE Access},
  volume={7},
  pages={112097--112112},
  year={2019},
  publisher={IEEE}
}

@incollection{suhag2020analytical,
  title={Analytical Approach to Cross Project Defect Prediction},
  author={Suhag, Vikas and Garg, Anchal and Dubey, SK and Sharma, BK},
  booktitle={Soft Computing: Theories and Applications},
  pages={713--736},
  year={2020},
  publisher={Springer}
}

@inproceedings{di2018detecting,
  title={Detecting code smells using machine learning techniques: are we there yet?},
  author={Di Nucci, Dario and Palomba, Fabio and Tamburri, Damian A and Serebrenik, Alexander and De Lucia, Andrea},
  booktitle={2018 ieee 25th international conference on software analysis, evolution and reengineering (saner)},
  pages={612--621},
  year={2018},
  organization={IEEE}
}

@article{li2018progress,
  title={Progress on approaches to software defect prediction},
  author={Li, Zhiqiang and Jing, Xiao-Yuan and Zhu, Xiaoke},
  journal={IET Software},
  volume={12},
  number={3},
  pages={161--175},
  year={2018},
  publisher={IET}
}

@article{di2017dynamic,
  title={Dynamic selection of classifiers in bug prediction: An adaptive method},
  author={Di Nucci, Dario and Palomba, Fabio and Oliveto, Rocco and De Lucia, Andrea},
  journal={IEEE Transactions on Emerging Topics in Computational Intelligence},
  volume={1},
  number={3},
  pages={202--212},
  year={2017},
  publisher={IEEE}
}

@article{balogun2018software,
  title={Software defect prediction using ensemble learning: An ANP based evaluation method},
  author={Balogun, Abdullateef Oluwagbemiga and Bajeh, Amos Orenyi and Orie, Victor Agwu and Yusuf-Asaju, Wuraola Ayisat},
  year={2018},
  publisher={FUOYE Journal of Engineering and Technology, Faculty of Engineering, Federal~…}
}

@article{wei2019establishing,
  title={Establishing a software defect prediction model via effective dimension reduction},
  author={Wei, Hua and Hu, Changzhen and Chen, Shiyou and Xue, Yuan and Zhang, Quanxin},
  journal={Information Sciences},
  volume={477},
  pages={399--409},
  year={2019},
  publisher={Elsevier}
}

@article{wei2018software,
  title={Software defect distribution prediction model based on NPE-SVM},
  author={Wei, Hua and Shan, Chun and Hu, Changzhen and Sun, Huizhong and Lei, Min},
  journal={China Communications},
  volume={15},
  number={5},
  pages={173--182},
  year={2018},
  publisher={IEEE}
}

@article{qiao2019effort,
  title={Effort-aware and just-in-time defect prediction with neural network},
  author={Qiao, Lei and Wang, Yan},
  journal={PloS one},
  volume={14},
  number={2},
  pages={e0211359},
  year={2019},
  publisher={Public Library of Science San Francisco, CA USA}
}

@article{malhotra2018particle,
  title={Particle swarm optimization-based ensemble learning for software change prediction},
  author={Malhotra, Ruchika and Khanna, Megha},
  journal={Information and Software Technology},
  volume={102},
  pages={65--84},
  year={2018},
  publisher={Elsevier}
}

@inproceedings{catolino2019cross,
  title={Cross-project just-in-time bug prediction for mobile apps: an empirical assessment},
  author={Catolino, Gemma and Di Nucci, Dario and Ferrucci, Filomena},
  booktitle={2019 IEEE/ACM 6th International Conference on Mobile Software Engineering and Systems (MOBILESoft)},
  pages={99--110},
  year={2019},
  organization={IEEE}
}

@article{zhu2018software,
  title={Software change-proneness prediction through combination of bagging and resampling methods},
  author={Zhu, Xiaoyan and He, Yueyang and Cheng, Long and Jia, Xiaolin and Zhu, Lei},
  journal={Journal of Software: Evolution and Process},
  volume={30},
  number={12},
  pages={e2111},
  year={2018},
  publisher={Wiley Online Library}
}

@inproceedings{bennin2017impact,
  title={Impact of the distribution parameter of data sampling approaches on software defect prediction models},
  author={Bennin, Kwabena Ebo and Keung, Jacky and Monden, Akito},
  booktitle={2017 24th Asia-Pacific Software Engineering Conference (APSEC)},
  pages={630--635},
  year={2017},
  organization={IEEE}
}

@article{rathore2018approach,
  title={An approach for the prediction of number of software faults based on the dynamic selection of learning techniques},
  author={Rathore, Santosh Singh and Kumar, Sandeep},
  journal={IEEE Transactions on Reliability},
  volume={68},
  number={1},
  pages={216--236},
  year={2018},
  publisher={IEEE}
}

@inproceedings{sohan2019revisiting,
  title={Revisiting the class imbalance issue in software defect prediction},
  author={Sohan, Md Fahimuzzman and Kabir, Md Alamgir and Jabiullah, Md Ismail and Rahman, Sheikh Shah Mohammad Motiur},
  booktitle={2019 International Conference on Electrical, Computer and Communication Engineering (ECCE)},
  pages={1--6},
  year={2019},
  organization={IEEE}
}