@article{chatterjee2019fuzzy,
  title={A fuzzy rule-based generation algorithm in interval type-2 fuzzy logic system for fault prediction in the early phase of software development},
  author={Chatterjee, Subhashis and Maji, Bappa and Pham, Hoang},
  journal={Journal of Experimental \& Theoretical Artificial Intelligence},
  volume={31},
  number={3},
  pages={369--391},
  year={2019},
  publisher={Taylor \& Francis}
}

@article{rani2019novel,
  title={A novel approach of NPSO on dynamic weighted NHPP model for software reliability analysis with additional fault introduction parameter},
  author={Rani, Pooja and Mahapatra, GS},
  journal={Heliyon},
  volume={5},
  number={7},
  pages={e02082},
  year={2019},
  publisher={Elsevier}
}

@article{chatterjee2018mahalanobis,
  title={A Mahalanobis distance based algorithm for assigning rank to the predicted fault prone software modules},
  author={Chatterjee, Subhashis and Maji, Bappa},
  journal={Applied Soft Computing},
  volume={70},
  pages={764--772},
  year={2018},
  publisher={Elsevier}
}

@incollection{verma2020software,
  title={Software Release Planning Using Grey Wolf Optimizer},
  author={Verma, Vibha and Neha, Neha and Aggarwal, Anu G},
  booktitle={Soft Computing Methods for System Dependability},
  pages={1--44},
  year={2020},
  publisher={IGI Global}
}

@article{maseko2020framework,
  title={A framework to manage reluctance to bad news reporting on software projects in state universities in Zimbabwe},
  author={Maseko, Melody and Zhou, Tinashe Gwendolyn and Tsokota, Theo},
  journal={Education and Information Technologies},
  pages={1--16},
  year={2020},
  publisher={Springer}
}