@article{li2018genetic,
  title={Genetic algorithm-based test generation for software product line with the integration of fault localization techniques},
  author={Li, Xuelin and Wong, W Eric and Gao, Ruizhi and Hu, Linghuan and Hosono, Shigeru},
  journal={Empirical Software Engineering},
  volume={23},
  number={1},
  pages={1--51},
  year={2018},
  publisher={Springer}
}

@inproceedings{li2016exploratory,
  title={An Exploratory Analysis on Software Developers' Bug-Introducing Tendency over Time},
  author={Li, Yihao and Li, Dong and Huang, Fuqun and Lee, Shou-Yu and Ai, Jun},
  booktitle={2016 International Conference on Software Analysis, Testing and Evolution (SATE)},
  pages={12--17},
  year={2016},
  organization={IEEE}
}

@article{feyzi2018bayes,
  title={Bayes-TDG: effective test data generation using Bayesian belief network: toward failure-detection effectiveness and maximum coverage},
  author={Feyzi, Farid and Parsa, Saeed},
  journal={IET Software},
  volume={12},
  number={3},
  pages={225--235},
  year={2018},
  publisher={IET}
}

@article{kim2019vfl,
  title={VFL: Variable-based fault localization},
  author={Kim, Jeongho and Kim, Jindae and Lee, Eunseok},
  journal={Information and Software Technology},
  volume={107},
  pages={179--191},
  year={2019},
  publisher={Elsevier}
}

@inproceedings{kim2018poster,
  title={Poster: A Novel Variable-centric Fault Localization Technique},
  author={Kim, Jeongho and Kim, Jindae and Lee, Eunseok},
  booktitle={2018 IEEE/ACM 40th International Conference on Software Engineering: Companion (ICSE-Companion)},
  pages={252--253},
  year={2018},
  organization={IEEE}
}

@article{sabbaghi2020fcci,
  title={FCCI: A fuzzy expert system for identifying coincidental correct test cases},
  author={Sabbaghi, Arash and Keyvanpour, Mohammad Reza and Parsa, Saeed},
  journal={Journal of Systems and Software},
  pages={110635},
  year={2020},
  publisher={Elsevier}
}

@inproceedings{li2019applying,
  title={Applying Ordered Technique Set for Fault Localization},
  author={Li, Zhao and Song, Yi and Gong, Guoqiang and Li, Dongcheng and Lv, Ke and He, Jingsha},
  booktitle={2019 IEEE 19th International Conference on Software Quality, Reliability and Security Companion (QRS-C)},
  pages={516--517},
  year={2019},
  organization={IEEE}
}

@article{li2019normalization,
  title={Normalization of Notation NCF for Improving Fault Localization.},
  author={Li, Zhao and Song, Yi and Zhou, Siwei and Li, Dongcheng and Chen, Peng},
  journal={International Journal of Performability Engineering},
  volume={15},
  number={7},
  year={2019}
}

@article{kireeva2019dynamic,
  title={Dynamic Simulation for Processes as a Key Factor of Efficiency},
  author={Kireeva, Elena and Kireev, Maxim},
  journal={International Journal of Engineering Research and Technology},
  volume={12},
  number={6},
  pages={879--886},
  year={2019}
}

@article{feyzi2020effective,
  title={Effective test data generation using probabilistic networks},
  author={Feyzi, Farid and Parsa, Saeed},
  journal={International Journal of Computing Science and Mathematics},
  volume={11},
  number={4},
  pages={357--371},
  year={2020},
  publisher={Inderscience Publishers (IEL)}
}

@phdthesis{gao2017advanced,
  title={Advanced Software Fault Localization for Programs with Multiple Bugs},
  author={Gao, Ruizhi},
  year={2017}
}

@article{li2020multi,
  title={A multi-technique fusion approach for fault localization in manufacturing software},
  author={Li, Zhao and Song, Yi and Gong, Guoqiang and Zhou, Siwei and Lv, Ke},
  journal={Journal of Intelligent \& Fuzzy Systems},
  volume={38},
  number={1},
  pages={229--238},
  year={2020},
  publisher={IOS Press}
}

@article{zakari2020multiple,
  title={Multiple fault localization of software programs: A systematic literature review},
  author={Zakari, Abubakar and Lee, Sai Peck and Abreu, Rui and Ahmed, Babiker Hussien and Rasheed, Rasheed Abubakar},
  journal={Information and Software Technology},
  pages={106312},
  year={2020},
  publisher={Elsevier}
}

@article{kireeva2020real,
  title={Real-time Optimization and Increasing Efficiency of the Processes in the Petrochemical Industry},
  author={Kireeva, E and Kireev, M},
  journal={International Journal},
  volume={8},
  number={6},
  year={2020}
}