@article{wang2020chaotic,
  title={Chaotic multi-swarm whale optimizer boosted support vector machine for medical diagnosis},
  author={Wang, Mingjing and Chen, Huiling},
  journal={Applied Soft Computing},
  volume={88},
  pages={105946},
  year={2020},
  publisher={Elsevier}
}

@article{gharehchopogh2019comprehensive,
  title={A comprehensive survey: Whale Optimization Algorithm and its applications},
  author={Gharehchopogh, Farhad Soleimanian and Gholizadeh, Hojjat},
  journal={Swarm and Evolutionary Computation},
  volume={48},
  pages={1--24},
  year={2019},
  publisher={Elsevier}
}

@article{khalil2019distributed,
  title={Distributed whale optimization algorithm based on MapReduce},
  author={Khalil, Yasser and Alshayeji, Mohammad and Ahmad, Imtiaz},
  journal={Concurrency and Computation: Practice and Experience},
  volume={31},
  number={1},
  pages={e4872},
  year={2019},
  publisher={Wiley Online Library}
}

@article{mohanakrishnan2020mctrp,
  title={MCTRP: an energy efficient tree routing protocol for vehicular ad hoc network using genetic whale optimization algorithm},
  author={Mohanakrishnan, Usha and Ramakrishnan, B},
  journal={Wireless Personal Communications},
  volume={110},
  number={1},
  pages={185--206},
  year={2020},
  publisher={Springer}
}

@article{ali2020towards,
  title={Towards Pattern-Based Change Verification Framework for Cloud-Enabled Healthcare Component-Based},
  author={Ali, Sadia and Hafeez, Yaser and Jhanjhi, NZ and Humayun, Mamoona and Imran, Muhammad and Nayyar, Anand and Singh, Saurabh and Ra, In-Ho},
  journal={IEEE Access},
  volume={8},
  pages={148007--148020},
  year={2020},
  publisher={IEEE}
}

@article{gharehchopoghswarm,
  title={Swarm and Evolutionary Computation},
  author={Gharehchopogh, Farhad Soleimanian and Gholizadeh, Hojjat}
}

@article{singh2020sampled,
  title={Sampled-data model validation: An algorithm and experimental setup of dual fuel IC engine},
  author={Singh, Someet and Jain, Anuj and Mahla, Sunil Kumar},
  journal={Fuel},
  volume={279},
  pages={118517},
  year={2020},
  publisher={Elsevier}
}