@article{alsawalqah2020software,
  title={Software Defect Prediction Using Heterogeneous Ensemble Classification Based on Segmented Patterns},
  author={Alsawalqah, Hamad and Hijazi, Neveen and Eshtay, Mohammed and Faris, Hossam and Radaideh, Ahmed Al and Aljarah, Ibrahim and Alshamaileh, Yazan},
  journal={Applied Sciences},
  volume={10},
  number={5},
  pages={1745},
  year={2020},
  publisher={Multidisciplinary Digital Publishing Institute}
}

@article{madapuri2019hbs,
  title={HBS-CRA: scaling impact of change request towards fault proneness: defining a heuristic and biases scale (HBS) of change request artifacts (CRA)},
  author={Madapuri, Rudra Kumar and Mahesh, PC Senthil},
  journal={Cluster Computing},
  volume={22},
  number={5},
  pages={11591--11599},
  year={2019},
  publisher={Springer}
}

@article{sabbaghi2020fcci,
  title={FCCI: A fuzzy expert system for identifying coincidental correct test cases},
  author={Sabbaghi, Arash and Keyvanpour, Mohammad Reza and Parsa, Saeed},
  journal={Journal of Systems and Software},
  pages={110635},
  year={2020},
  publisher={Elsevier}
}

@article{aziz2020efficacy,
  title={Efficacy of Inheritance Aspect in Software Fault Prediction-A Survey Paper},
  author={Aziz, Syed Rashid and Khan, Tamim A and Nadeem, Aamer},
  journal={IEEE Access},
  year={2020},
  publisher={IEEE}
}

@article{panda2018dbbrbf,
  title={DBBRBF-Convalesce optimization for software defect prediction problem using hybrid distribution base balance instance selection and radial basis Function classifier},
  author={Panda, Mrutyunjaya},
  journal={arXiv preprint arXiv:1806.03260},
  year={2018}
}

@incollection{kumar2018software,
  title={Software Fault Prediction Process},
  author={Kumar, Sandeep and Rathore, Santosh Singh},
  booktitle={Software Fault Prediction},
  pages={7--22},
  year={2018},
  publisher={Springer}
}

@article{mendiratta67reliability,
  title={Reliability Analysis in Telecommunications},
  author={Mendiratta, Veena B},
  journal={NOTICES OF THE AMERICAN MATHEMATICAL SOCIETY},
  volume={67},
  number={6}
}

@article{sirshar2019comparative,
  title={Comparative Analysis of Software Defect PredictionTechniques},
  author={Sirshar, Mehreen and Mir, Hira and Amir, Khadija and Zainab, Laraib},
  year={2019},
  publisher={Preprints}
}

@article{moosavisoftware,
  title={SOFTWARE FAULT PREDICTION BASED ON RANDOM FOREST ALGORITHM},
  author={MOOSAVI, TAHMINEH SADAT and MOHEBBI, KEYVAN}
}

@article{prasadsoftware,
  title={SOFTWARE DEFECT PREDICTION TECHNIQUES--A},
  author={Prasad, VS and Sasikala, K}
}

@article{domingos2018study,
  title={Study on the relationships between cohesion and coupling metrics on fault prediction in object oriented systems},
  author={Domingos, Samuel Ant{\'o}nio Miquirice and others},
  year={2018}
}

@inproceedings{tua2019software,
  title={Software Defect Prediction Using Software Metrics with Na{\"\i}ve Bayes and Rule Mining Association Methods},
  author={Tua, Fernando Maruli and Sunindyo, Wikan Danar},
  booktitle={2019 5th International Conference on Science and Technology (ICST)},
  volume={1},
  pages={1--5},
  year={2019},
  organization={IEEE}
}

@article{niu2020cost,
  title={Cost-sensitive Dictionary Learning for Software Defect Prediction},
  author={Niu, Liang and Wan, Jianwu and Wang, Hongyuan and Zhou, Kaiwei},
  journal={Neural Processing Letters},
  pages={1--35},
  year={2020},
  publisher={Springer}
}

@article{aarti2020grey,
  title={Grey relational classification algorithm for software fault proneness with SOM clustering},
  author={Aarti and Sikka, Geeta and Dhir, Renu},
  journal={International Journal of Data Mining, Modelling and Management},
  volume={12},
  number={1},
  pages={28--64},
  year={2020},
  publisher={Inderscience Publishers (IEL)}
}

@article{yohannesesoftware,
  title={Software fault prediction using data reduction approaches},
  author={Yohannese, Chubato Wondaferaw and Li, Tianrui and Bashir, Kamal and Simfukwe, Macmillan and Hussein, Ahmed Saad},
  publisher={World Scientific}
}

@misc{dode2018effectiveness,
  title={EFFECTIVENESS OF FAULT PREDICTION},
  author={Dode, Albi},
  year={2018}
}

@article{sharma2020towards,
  title={Towards recent developments in the methods, metrics and datasets of software fault prediction},
  author={Sharma, Deepak and Chandra, Pravin},
  journal={International Journal of Computational Systems Engineering},
  volume={6},
  number={1},
  pages={14--45},
  year={2020},
  publisher={Inderscience Publishers (IEL)}
}

@incollection{kumaranalyzing,
  title={Analyzing Ensemble Methods for Software Fault Prediction},
  author={Kumar, Kuldeep and Rathore, Santosh Singh and others},
  booktitle={Advances in Communication and Computational Technology},
  pages={1253--1267},
  publisher={Springer}
}

@article{deseleccao,
  title={Sele{\c{c}}{\~a}o Din{\^a}mica de T{\'e}cnicas de Aprendizado para Predi{\c{c}}{\~a}o de Quantidade de Falhas em Softwares},
  author={de Albuquerque Neto, Antonio Jos{\'e} Gadelha}
}

@article{blume2017bewertung,
  title={Bewertung der Kodequalit{\"a}t in einer testgetriebenen Crowdsourcing-Plattform},
  author={Blume, Jakob and Hara, Tenshi and Braun, Iris},
  year={2017}
}

@inproceedings{tiwari2018coupling,
  title={Coupling and Cohesion Metrics for Object-Oriented Software: A Systematic Mapping Study},
  author={Tiwari, Saurabh and Rathore, Santosh Singh},
  booktitle={Proceedings of the 11th Innovations in Software Engineering Conference},
  pages={1--11},
  year={2018}
}

@article{mabayoje2018software,
  title={Software defect prediction: Effect of feature selection and ensemble methods},
  author={Mabayoje, Modinat Abolore and Balogun, Abdullateef Oluwagbemiga and Bajeh, Amos Orenyi and Musa, Badamasi Abubakar},
  year={2018},
  publisher={Federal University Wukari, Taraba State, Nigeria.}
}

@article{kim2019precise,
  title={Precise learn-to-rank fault localization using dynamic and static features of target programs},
  author={Kim, Yunho and Mun, Seokhyeon and Yoo, Shin and Kim, Moonzoo},
  journal={ACM Transactions on Software Engineering and Methodology (TOSEM)},
  volume={28},
  number={4},
  pages={1--34},
  year={2019},
  publisher={ACM New York, NY, USA}
}

@inproceedings{wang2018top,
  title={A Top-k Learning to Rank Approach to Cross-Project Software Defect Prediction},
  author={Wang, Feng and Huang, Jinxiao and Ma, Yutao},
  booktitle={2018 25th Asia-Pacific Software Engineering Conference (APSEC)},
  pages={335--344},
  year={2018},
  organization={IEEE}
}

@article{panda2019software,
  title={Software defect prediction using hybrid distribution Base balance instance selection and radial basis function classifier},
  author={Panda, Mrutyunjaya},
  journal={International Journal of System Dynamics Applications (IJSDA)},
  volume={8},
  number={3},
  pages={53--75},
  year={2019},
  publisher={IGI Global}
}

@phdthesis{kudva2018fault,
  title={Fault Driven Supervised Tie Breaking for Test Case Prioritization},
  author={Kudva, Vinit},
  year={2018},
  school={University of Waterloo}
}

@article{krishna2020learning,
  title={Learning actionable analytics from multiple software projects},
  author={Krishna, Rahul and Menzies, Tim},
  journal={Empirical Software Engineering},
  pages={1--33},
  year={2020},
  publisher={Springer}
}

@article{sotiropolos2020detection,
  title={Detection of intermittent faults in software programs through identification of suspicious shared variable access patterns},
  author={Sotiropolos, Panagiotis and Vassilakis, Costas},
  journal={Journal of Systems and Software},
  volume={159},
  pages={110455},
  year={2020},
  publisher={Elsevier}
}

@misc{lamce2018automation,
  title={Automation and Evaluation of Software Fault Prediction},
  author={Lamce, Bora},
  year={2018}
}

@article{aarti2019regression,
  title={Regression-based software fault prediction using biogeography-based optimisation (R-BBO)},
  author={Aarti and Sikka, Geeta and Dhir, Renu},
  journal={International Journal of Intelligent Systems Design and Computing},
  volume={3},
  number={1},
  pages={49--63},
  year={2019},
  publisher={Inderscience Publishers (IEL)}
}